<collection xmlns="http://www.loc.gov/MARC21/slim">
<record>
  <leader>02098cz  a2200541n  4500</leader>
  <controlfield tag="001">5953</controlfield>
  <controlfield tag="003">DLC</controlfield>
  <controlfield tag="005">20200104073346.0</controlfield>
  <controlfield tag="008">800609nc azannaabn          |b aaa      </controlfield>
  <datafield tag="010" ind1=" " ind2=" ">
    <subfield code="a">n  50025238 </subfield>
  </datafield>
  <datafield tag="035" ind1=" " ind2=" ">
    <subfield code="a">(OCoLC)oca00060636</subfield>
  </datafield>
  <datafield tag="040" ind1=" " ind2=" ">
    <subfield code="a">DLC</subfield>
    <subfield code="b">eng</subfield>
    <subfield code="e">rda</subfield>
    <subfield code="c">DLC</subfield>
    <subfield code="d">DLC</subfield>
    <subfield code="d">GU</subfield>
    <subfield code="d">OCoLC</subfield>
    <subfield code="d">HkUST</subfield>
    <subfield code="d">DLC-R</subfield>
    <subfield code="d">DLC</subfield>
    <subfield code="d">OCoLC</subfield>
    <subfield code="d">HkUST</subfield>
    <subfield code="d">DLC-S</subfield>
    <subfield code="d">UPB</subfield>
    <subfield code="d">HU</subfield>
  </datafield>
  <datafield tag="046" ind1=" " ind2=" ">
    <subfield code="f">1472</subfield>
    <subfield code="g">1529</subfield>
    <subfield code="2">edtf</subfield>
  </datafield>
  <datafield tag="053" ind1=" " ind2="0">
    <subfield code="a">PL2696</subfield>
  </datafield>
  <datafield tag="100" ind1="1" ind2=" ">
    <subfield code="a">Wang, Yangming,</subfield>
    <subfield code="d">1472-1529</subfield>
  </datafield>
  <datafield tag="370" ind1=" " ind2=" ">
    <subfield code="c">China</subfield>
    <subfield code="2">naf</subfield>
  </datafield>
  <datafield tag="375" ind1=" " ind2=" ">
    <subfield code="a">Males</subfield>
    <subfield code="2">lcdgt</subfield>
  </datafield>
  <datafield tag="377" ind1=" " ind2=" ">
    <subfield code="a">chi</subfield>
  </datafield>
  <datafield tag="400" ind1="1" ind2=" ">
    <subfield code="w">nne</subfield>
    <subfield code="a">Wang, Yang-ming,</subfield>
    <subfield code="d">1472-1529</subfield>
  </datafield>
  <datafield tag="400" ind1="1" ind2=" ">
    <subfield code="a">Ō, Yō-mei,</subfield>
    <subfield code="d">1472-1529</subfield>
  </datafield>
  <datafield tag="400" ind1="1" ind2=" ">
    <subfield code="a">Ō, Yōmei,</subfield>
    <subfield code="d">1472-1529</subfield>
  </datafield>
  <datafield tag="400" ind1="1" ind2=" ">
    <subfield code="a">Van, I︠A︡nmin,</subfield>
    <subfield code="d">1472-1529</subfield>
  </datafield>
  <datafield tag="400" ind1="1" ind2=" ">
    <subfield code="a">Wang, Yang-myŏng,</subfield>
    <subfield code="d">1472-1529</subfield>
  </datafield>
  <datafield tag="400" ind1="1" ind2=" ">
    <subfield code="a">王陽明,</subfield>
    <subfield code="d">1472-1529</subfield>
  </datafield>
  <datafield tag="400" ind1="1" ind2=" ">
    <subfield code="a">王阳明,</subfield>
    <subfield code="d">1472-1529</subfield>
  </datafield>
  <datafield tag="400" ind1="1" ind2=" ">
    <subfield code="w">nna</subfield>
    <subfield code="a">Wang, Shou-jen,</subfield>
    <subfield code="d">1472-1529</subfield>
  </datafield>
  <datafield tag="400" ind1="1" ind2=" ">
    <subfield code="a">Wang, Shouren,</subfield>
    <subfield code="d">1472-1529</subfield>
  </datafield>
  <datafield tag="400" ind1="1" ind2=" ">
    <subfield code="a">Ō, Shujin,</subfield>
    <subfield code="d">1472-1529</subfield>
  </datafield>
  <datafield tag="400" ind1="1" ind2=" ">
    <subfield code="a">Wang, Show-jīn,</subfield>
    <subfield code="d">1472-1529</subfield>
  </datafield>
  <datafield tag="400" ind1="1" ind2=" ">
    <subfield code="a">王守仁,</subfield>
    <subfield code="d">1472-1529</subfield>
  </datafield>
  <datafield tag="400" ind1="1" ind2=" ">
    <subfield code="a">Wang, Wencheng,</subfield>
    <subfield code="d">1472-1529</subfield>
  </datafield>
  <datafield tag="400" ind1="1" ind2=" ">
    <subfield code="a">Wang, Wen-chʻeng,</subfield>
    <subfield code="d">1472-1529</subfield>
  </datafield>
  <datafield tag="400" ind1="1" ind2=" ">
    <subfield code="a">王文成,</subfield>
    <subfield code="d">1472-1529</subfield>
  </datafield>
  <datafield tag="400" ind1="1" ind2=" ">
    <subfield code="a">Wang, Bo&apos;an,</subfield>
    <subfield code="d">1472-1529</subfield>
  </datafield>
  <datafield tag="400" ind1="1" ind2=" ">
    <subfield code="a">Wang, Po-an,</subfield>
    <subfield code="d">1472-1529</subfield>
  </datafield>
  <datafield tag="400" ind1="1" ind2=" ">
    <subfield code="a">王伯安,</subfield>
    <subfield code="d">1472-1529</subfield>
  </datafield>
  <datafield tag="400" ind1="1" ind2=" ">
    <subfield code="a">Yangming, Wang,</subfield>
    <subfield code="d">1472-1529</subfield>
  </datafield>
  <datafield tag="400" ind1="1" ind2=" ">
    <subfield code="a">Yang-ming, Wang,</subfield>
    <subfield code="d">1472-1529</subfield>
  </datafield>
  <datafield tag="667" ind1=" " ind2=" ">
    <subfield code="a">Machine-derived non-Latin script reference project.</subfield>
  </datafield>
  <datafield tag="667" ind1=" " ind2=" ">
    <subfield code="a">Non-Latin script references not evaluated.</subfield>
  </datafield>
  <datafield tag="667" ind1=" " ind2=" ">
    <subfield code="a">Non-Latin script references reviewed in NACO CJK Funnel References Project.</subfield>
  </datafield>
  <datafield tag="670" ind1=" " ind2=" ">
    <subfield code="a">Author&apos;s The philosophy of Wang Yang-ming, 1916.</subfield>
  </datafield>
  <datafield tag="670" ind1=" " ind2=" ">
    <subfield code="a">Kobzev, A. I. Uchenie Van I︠A︡nmina i klassicheskai︠a︡ kitaĭskaia filosofii︠a︡, 1983:</subfield>
    <subfield code="b">t.p. (Van I︠A︡nmina)</subfield>
  </datafield>
  <datafield tag="670" ind1=" " ind2=" ">
    <subfield code="a">His Karō kenki, 1962 (1980 printing):</subfield>
    <subfield code="b">t.p. (王陽明 = Ō Shujin)</subfield>
  </datafield>
  <datafield tag="670" ind1=" " ind2=" ">
    <subfield code="a">Nae maŭm i tŭngpul ida, 2003:</subfield>
    <subfield code="b">t.p. (王陽明 = Wang Yang-myŏng)</subfield>
  </datafield>
  <datafield tag="670" ind1=" " ind2=" ">
    <subfield code="a">Wikipedia, viewed December 24, 2019</subfield>
    <subfield code="b">(Wang Yangming; 守仁 = Shouren; 伯安 = Bo&apos;an; 文成 = Wencheng)</subfield>
  </datafield>
  <datafield tag="952" ind1=" " ind2=" ">
    <subfield code="a">RETRO</subfield>
  </datafield>
  <datafield tag="953" ind1=" " ind2=" ">
    <subfield code="a">xx00</subfield>
    <subfield code="b">ta27</subfield>
  </datafield>
</record>