
<record>
  <leader>03604cz  a2200721n  4500</leader>
  <controlfield tag="001">6471</controlfield>
  <controlfield tag="003">DLC</controlfield>
  <controlfield tag="005">20200104073347.0</controlfield>
  <controlfield tag="008">800613n| azannaabn          |b aaa      </controlfield>
  <datafield tag="010" ind1=" " ind2=" ">
    <subfield code="a">n  50030508 </subfield>
  </datafield>
  <datafield tag="035" ind1=" " ind2=" ">
    <subfield code="a">(OCoLC)oca00065876</subfield>
  </datafield>
  <datafield tag="040" ind1=" " ind2=" ">
    <subfield code="a">DLC</subfield>
    <subfield code="b">eng</subfield>
    <subfield code="e">rda</subfield>
    <subfield code="c">DLC</subfield>
    <subfield code="d">DLC</subfield>
    <subfield code="d">NjP</subfield>
    <subfield code="d">DLC</subfield>
    <subfield code="d">OCoLC</subfield>
    <subfield code="d">InU</subfield>
    <subfield code="d">CLU</subfield>
    <subfield code="d">WU</subfield>
  </datafield>
  <datafield tag="046" ind1=" " ind2=" ">
    <subfield code="f">1891-01-27</subfield>
    <subfield code="g">1967-08-31</subfield>
    <subfield code="2">edtf</subfield>
  </datafield>
  <datafield tag="053" ind1=" " ind2="0">
    <subfield code="a">PG3476.E5</subfield>
  </datafield>
  <datafield tag="100" ind1="1" ind2=" ">
    <subfield code="a">Ėrenburg, Ilʹi︠a︡,</subfield>
    <subfield code="d">1891-1967</subfield>
  </datafield>
  <datafield tag="370" ind1=" " ind2=" ">
    <subfield code="c">Soviet Union</subfield>
  </datafield>
  <datafield tag="372" ind1=" " ind2=" ">
    <subfield code="a">Russian Literature</subfield>
    <subfield code="a">Journalism--Soviet Union</subfield>
    <subfield code="a">Soviet literature</subfield>
  </datafield>
  <datafield tag="374" ind1=" " ind2=" ">
    <subfield code="a">Authors, Russian</subfield>
    <subfield code="a">Journalists</subfield>
    <subfield code="2">lcsh</subfield>
  </datafield>
  <datafield tag="375" ind1=" " ind2=" ">
    <subfield code="a">Males</subfield>
    <subfield code="2">lcdgt</subfield>
  </datafield>
  <datafield tag="377" ind1=" " ind2=" ">
    <subfield code="a">rus</subfield>
  </datafield>
  <datafield tag="400" ind1="1" ind2=" ">
    <subfield code="a">Эренбург, Илья,</subfield>
    <subfield code="d">1891-1967</subfield>
  </datafield>
  <datafield tag="400" ind1="1" ind2=" ">
    <subfield code="a">Эренбург, И.</subfield>
    <subfield code="q">(Илья),</subfield>
    <subfield code="d">1891-1967</subfield>
  </datafield>
  <datafield tag="400" ind1="1" ind2=" ">
    <subfield code="a">Ėrenburg, I.</subfield>
    <subfield code="q">(Ilʹi︠a︡),</subfield>
    <subfield code="d">1891-1967</subfield>
  </datafield>
  <datafield tag="400" ind1="1" ind2=" ">
    <subfield code="a">Ehrenburg, Ilja,</subfield>
    <subfield code="d">1891-1967</subfield>
  </datafield>
  <datafield tag="400" ind1="1" ind2=" ">
    <subfield code="a">Ehrenbourg, Ilya,</subfield>
    <subfield code="d">1891-1967</subfield>
  </datafield>
  <datafield tag="400" ind1="1" ind2=" ">
    <subfield code="a">Эренбург, Илья Григорьевич,</subfield>
    <subfield code="d">1891-1967</subfield>
  </datafield>
  <datafield tag="400" ind1="1" ind2=" ">
    <subfield code="a">Ėrenburg, Ilʹi︠a︡ Grigorʹevich,</subfield>
    <subfield code="d">1891-1967</subfield>
  </datafield>
  <datafield tag="400" ind1="1" ind2=" ">
    <subfield code="w">nnaa</subfield>
    <subfield code="a">Ehrenburg, Ilʹi︠a︡ Grigorʹevich,</subfield>
    <subfield code="d">1891-1967</subfield>
  </datafield>
  <datafield tag="400" ind1="1" ind2=" ">
    <subfield code="a">Ehrenburg, Ilya,</subfield>
    <subfield code="d">1891-1967</subfield>
  </datafield>
  <datafield tag="400" ind1="1" ind2=" ">
    <subfield code="a">Ehrenburg, Ilya Grigoryevich,</subfield>
    <subfield code="d">1891-1967</subfield>
  </datafield>
  <datafield tag="400" ind1="1" ind2=" ">
    <subfield code="a">Ehrenburg, Ilya Grigorievich,</subfield>
    <subfield code="d">1891-1967</subfield>
  </datafield>
  <datafield tag="400" ind1="0" ind2=" ">
    <subfield code="a">Ai-lun-pao,</subfield>
    <subfield code="d">1891-1967</subfield>
  </datafield>
  <datafield tag="400" ind1="0" ind2=" ">
    <subfield code="a">Ailunbao,</subfield>
    <subfield code="d">1891-1967</subfield>
  </datafield>
  <datafield tag="400" ind1="1" ind2=" ">
    <subfield code="a">Erenburg, Ilya,</subfield>
    <subfield code="d">1891-1967</subfield>
  </datafield>
  <datafield tag="400" ind1="1" ind2=" ">
    <subfield code="a">Erenburg, Ilyah,</subfield>
    <subfield code="d">1891-1967</subfield>
  </datafield>
  <datafield tag="400" ind1="1" ind2=" ">
    <subfield code="a">Erenmpourgk, Ēlia,</subfield>
    <subfield code="d">1891-1967</subfield>
  </datafield>
  <datafield tag="400" ind1="1" ind2=" ">
    <subfield code="a">אהרנבורג, איליה</subfield>
  </datafield>
  <datafield tag="400" ind1="1" ind2=" ">
    <subfield code="a">ארנבורג, איליה</subfield>
  </datafield>
  <datafield tag="400" ind1="1" ind2=" ">
    <subfield code="a">ארנבורג, איליה,</subfield>
    <subfield code="d">1891-1967. ‬</subfield>
  </datafield>
  <datafield tag="400" ind1="1" ind2=" ">
    <subfield code="a">ארנבורג, איליה,</subfield>
    <subfield code="d">1981־7691</subfield>
  </datafield>
  <datafield tag="400" ind1="1" ind2=" ">
    <subfield code="a">ארנבורג, אליהו</subfield>
  </datafield>
  <datafield tag="400" ind1="1" ind2=" ">
    <subfield code="a">ארנבורג, א.</subfield>
  </datafield>
  <datafield tag="400" ind1="1" ind2=" ">
    <subfield code="a">ערנבורג, איליא</subfield>
  </datafield>
  <datafield tag="400" ind1="1" ind2=" ">
    <subfield code="a">ערנבורג, איליא,</subfield>
    <subfield code="d">1891־1967</subfield>
  </datafield>
  <datafield tag="400" ind1="1" ind2=" ">
    <subfield code="a">ערענבורג, אי</subfield>
  </datafield>
  <datafield tag="400" ind1="1" ind2=" ">
    <subfield code="a">ערענבורג, איליא</subfield>
  </datafield>
  <datafield tag="400" ind1="1" ind2=" ">
    <subfield code="a">ערענבורג, איליא,</subfield>
    <subfield code="d">1891־1967</subfield>
  </datafield>
  <datafield tag="400" ind1="1" ind2=" ">
    <subfield code="a">ערענבורג, איליא,</subfield>
    <subfield code="d">1981־7691</subfield>
  </datafield>
  <datafield tag="667" ind1=" " ind2=" ">
    <subfield code="a">Non-Latin script references not evaluated.</subfield>
  </datafield>
  <datafield tag="670" ind1=" " ind2=" ">
    <subfield code="a">Black book, c1981:</subfield>
    <subfield code="b">t.p. (Ilya Ehrenburg)</subfield>
  </datafield>
  <datafield tag="670" ind1=" " ind2=" ">
    <subfield code="a">Encyc. Americana:</subfield>
    <subfield code="b">(Ehrenburg, Ilya Grigorievich)</subfield>
  </datafield>
  <datafield tag="670" ind1=" " ind2=" ">
    <subfield code="a">Encyc. Brit. 15th:</subfield>
    <subfield code="b">(Ehrenburg, Ilya (Grigoryevich))</subfield>
  </datafield>
  <datafield tag="670" ind1=" " ind2=" ">
    <subfield code="a">Kan, Y.T. Ai-lun-pao, 1891-1967, 1984:</subfield>
    <subfield code="b">t.p. (Ai-lun-pao) colophon (Ailunbao)</subfield>
  </datafield>
  <datafield tag="670" ind1=" " ind2=" ">
    <subfield code="a">Chernai︠a︡ kniga. Yiddish. Dos shṿartse bukh, 1984:</subfield>
    <subfield code="b">t.p. (Ilya Erenburg) t.p. verso (Ilyah Erenburg)</subfield>
  </datafield>
  <datafield tag="670" ind1=" " ind2=" ">
    <subfield code="a">nuc90-29696: His Lik voĭny (vo frant︠s︡īi) [MI] 1920</subfield>
    <subfield code="b">(usage on CU rept.: I. Ėrenburg)</subfield>
  </datafield>
  <datafield tag="670" ind1=" " ind2=" ">
    <subfield code="a">Ob Armenii i armi︠a︡nskoĭ kulʹture, 1988:</subfield>
    <subfield code="b">t.p. (Ilʹi︠a︡ Ėrenburg) added t.p. (Ilya Ērenburg)</subfield>
  </datafield>
  <datafield tag="670" ind1=" " ind2=" ">
    <subfield code="a">Literatur nach Stalins Tod, c1995:</subfield>
    <subfield code="b">t.p. (Ilja Ehrenburg)</subfield>
  </datafield>
  <datafield tag="670" ind1=" " ind2=" ">
    <subfield code="a">Kuneva, V. Ili︠a︡ Erenburg i Li︠u︡dmil Stoi︠a︡nov, 1991.</subfield>
  </datafield>
  <datafield tag="670" ind1=" " ind2=" ">
    <subfield code="a">To dentro, 1971:</subfield>
    <subfield code="b">t.p. (Ēlia Erenmpourgk)</subfield>
  </datafield>
  <datafield tag="670" ind1=" " ind2=" ">
    <subfield code="a">Moĭ Parizh, 1933:</subfield>
    <subfield code="b">t.p. (Ilʹi Ėrenburga) p. 5 (Илья Эренбург = Ilʹi︠a︡ Ėrenburg)</subfield>
  </datafield>
  <datafield tag="670" ind1=" " ind2=" ">
    <subfield code="a">Wikipedia, Nov. 26, 2014</subfield>
    <subfield code="b">(Ilʹi︠a︡ Ėrenburg; January 27 [O.S. January 15] 1891-31 August 1967;  Soviet writer, journalist, translator, and cultural figure; among the most prolific and notable authors of the Soviet Union; he published around one hundred titles. He became known first and foremost as a novelist and a journalist--in particular, as a reporter in three wars (First World War, Spanish Civil War and the Second World War))</subfield>
  </datafield>
  <datafield tag="952" ind1=" " ind2=" ">
    <subfield code="a">RETRO</subfield>
  </datafield>
  <datafield tag="953" ind1=" " ind2=" ">
    <subfield code="a">xx00</subfield>
    <subfield code="b">lj06</subfield>
    <subfield code="b">ye05</subfield>
  </datafield>
</record>