
<record>
  <leader>01961cz  a2200457n  4500</leader>
  <controlfield tag="001">8387</controlfield>
  <controlfield tag="003">DLC</controlfield>
  <controlfield tag="005">20200104073348.0</controlfield>
  <controlfield tag="008">800815n| azannaabn          |b aaa      </controlfield>
  <datafield tag="010" ind1=" " ind2=" ">
    <subfield code="a">n  50050148 </subfield>
    <subfield code="z">nr2004004488</subfield>
  </datafield>
  <datafield tag="035" ind1=" " ind2=" ">
    <subfield code="a">(Uk)000170827</subfield>
  </datafield>
  <datafield tag="035" ind1=" " ind2=" ">
    <subfield code="a">(OCoLC)oca00085170</subfield>
  </datafield>
  <datafield tag="040" ind1=" " ind2=" ">
    <subfield code="a">DLC</subfield>
    <subfield code="b">eng</subfield>
    <subfield code="e">rda</subfield>
    <subfield code="c">DLC</subfield>
    <subfield code="d">DLC</subfield>
    <subfield code="d">InU</subfield>
    <subfield code="d">NjP</subfield>
    <subfield code="d">NNMM</subfield>
    <subfield code="d">DLC</subfield>
    <subfield code="d">OCoLC</subfield>
    <subfield code="d">UPB</subfield>
    <subfield code="d">DLC</subfield>
    <subfield code="d">Uk</subfield>
    <subfield code="d">WU</subfield>
  </datafield>
  <datafield tag="046" ind1=" " ind2=" ">
    <subfield code="f">1905-05-02</subfield>
    <subfield code="g">1986-12-15</subfield>
    <subfield code="2">edtf</subfield>
  </datafield>
  <datafield tag="100" ind1="1" ind2=" ">
    <subfield code="a">Lifar, Serge,</subfield>
    <subfield code="d">1905-1986</subfield>
  </datafield>
  <datafield tag="370" ind1=" " ind2=" ">
    <subfield code="a">Kyïv (Ukraine)</subfield>
    <subfield code="2">naf</subfield>
  </datafield>
  <datafield tag="370" ind1=" " ind2=" ">
    <subfield code="c">France</subfield>
    <subfield code="2">naf</subfield>
  </datafield>
  <datafield tag="372" ind1=" " ind2=" ">
    <subfield code="a">Ballet</subfield>
    <subfield code="2">lcsh</subfield>
  </datafield>
  <datafield tag="373" ind1=" " ind2=" ">
    <subfield code="a">Institut Chorégraphique</subfield>
  </datafield>
  <datafield tag="373" ind1=" " ind2=" ">
    <subfield code="a">Opéra de Paris</subfield>
    <subfield code="2">naf</subfield>
  </datafield>
  <datafield tag="374" ind1=" " ind2=" ">
    <subfield code="a">Ballet dancers</subfield>
    <subfield code="2">lcsh</subfield>
  </datafield>
  <datafield tag="374" ind1=" " ind2=" ">
    <subfield code="a">Choreographers</subfield>
    <subfield code="2">lcsh</subfield>
  </datafield>
  <datafield tag="375" ind1=" " ind2=" ">
    <subfield code="a">Males</subfield>
    <subfield code="2">lcsh</subfield>
  </datafield>
  <datafield tag="377" ind1=" " ind2=" ">
    <subfield code="a">fre</subfield>
    <subfield code="a">rus</subfield>
  </datafield>
  <datafield tag="400" ind1="1" ind2=" ">
    <subfield code="a">Lifarʹ, Sergeĭ Mikhaĭlovich,</subfield>
    <subfield code="d">1905-1986</subfield>
  </datafield>
  <datafield tag="400" ind1="1" ind2=" ">
    <subfield code="a">Lifarʹ, S.</subfield>
    <subfield code="q">(Sergeĭ),</subfield>
    <subfield code="d">1905-1986</subfield>
  </datafield>
  <datafield tag="400" ind1="1" ind2=" ">
    <subfield code="a">Lifar, Sergio,</subfield>
    <subfield code="d">1905-1986</subfield>
  </datafield>
  <datafield tag="400" ind1="1" ind2=" ">
    <subfield code="a">Лифарь, Сергей,</subfield>
    <subfield code="d">1905-1986</subfield>
  </datafield>
  <datafield tag="400" ind1="1" ind2=" ">
    <subfield code="a">Lyfar, Serz︠h︡</subfield>
  </datafield>
  <datafield tag="400" ind1="1" ind2=" ">
    <subfield code="a">Лифар, Серж</subfield>
  </datafield>
  <datafield tag="667" ind1=" " ind2=" ">
    <subfield code="a">Machine-derived non-Latin script reference project.</subfield>
  </datafield>
  <datafield tag="667" ind1=" " ind2=" ">
    <subfield code="a">Non-Latin script reference not evaluated.</subfield>
  </datafield>
  <datafield tag="670" ind1=" " ind2=" ">
    <subfield code="a">NUCMC data from Columbia Univ. Libraries, Bakhmeteff Archive for Zaĭt︠s︡ev, B. Papers, 1923-1964</subfield>
    <subfield code="b">(Lifarʹ, Serge, 1905- ; Sergeĭ Lifarʹ)</subfield>
  </datafield>
  <datafield tag="670" ind1=" " ind2=" ">
    <subfield code="a">Di︠a︡gilev, 1993:</subfield>
    <subfield code="b">t.p. (S. Lifarʹ) CIP data (Lifarʹ, Sergeĭ) colophon (Sergeĭ Mikhaĭlovich Lifarʹ)</subfield>
  </datafield>
  <datafield tag="670" ind1=" " ind2=" ">
    <subfield code="a">Memuary Ikara, 1995:</subfield>
    <subfield code="b">t.p. (Serzh Lifarʹ) p. 7 (d. Dec. 15, 1986)</subfield>
  </datafield>
  <datafield tag="670" ind1=" " ind2=" ">
    <subfield code="a">La danza, 1947:</subfield>
    <subfield code="b">t.p. (Sergio Lifar)</subfield>
  </datafield>
  <datafield tag="670" ind1=" " ind2=" ">
    <subfield code="a">Au service de la danse, 1958:</subfield>
    <subfield code="b">page 17 (Serge Lifar, founding director of the Institut Chorégraphique; director of ballet for the National Opera)</subfield>
  </datafield>
  <datafield tag="670" ind1=" " ind2=" ">
    <subfield code="a">La vie en images de Serge Lifar, 1937:</subfield>
    <subfield code="b">page 1 (Born at Kiev the 2 April 1905)</subfield>
  </datafield>
  <datafield tag="670" ind1=" " ind2=" ">
    <subfield code="a">Z li︠u︡bov&apos;i︠u︡, Serz︠h︡ Lyfar !, 2018:</subfield>
    <subfield code="b">t.p. (Serz︠h︡ Lyfar)</subfield>
  </datafield>
  <datafield tag="952" ind1=" " ind2=" ">
    <subfield code="a">RETRO</subfield>
  </datafield>
  <datafield tag="953" ind1=" " ind2=" ">
    <subfield code="a">xx00</subfield>
    <subfield code="b">te01</subfield>
  </datafield>
</record>