
<record>
  <leader>01807cz  a2200337n  4500</leader>
  <controlfield tag="001">24606</controlfield>
  <controlfield tag="003">DLC</controlfield>
  <controlfield tag="005">20200104073352.0</controlfield>
  <controlfield tag="008">790312nc azannaabn          |b aaa      </controlfield>
  <datafield tag="010" ind1=" " ind2=" ">
    <subfield code="a">n  79017018 </subfield>
  </datafield>
  <datafield tag="035" ind1=" " ind2=" ">
    <subfield code="a">(OCoLC)oca00250895</subfield>
  </datafield>
  <datafield tag="040" ind1=" " ind2=" ">
    <subfield code="a">DLC</subfield>
    <subfield code="b">eng</subfield>
    <subfield code="e">rda</subfield>
    <subfield code="c">DLC</subfield>
    <subfield code="d">OCoLC</subfield>
    <subfield code="d">HkUST</subfield>
    <subfield code="d">OCoLC</subfield>
    <subfield code="d">HkUST</subfield>
    <subfield code="d">DLC</subfield>
    <subfield code="d">MH</subfield>
  </datafield>
  <datafield tag="046" ind1=" " ind2=" ">
    <subfield code="s">13</subfield>
    <subfield code="t">14</subfield>
  </datafield>
  <datafield tag="100" ind1="1" ind2=" ">
    <subfield code="a">Tang, Wenfeng,</subfield>
    <subfield code="d">active 14th century-15th century</subfield>
  </datafield>
  <datafield tag="400" ind1="1" ind2=" ">
    <subfield code="a">Tang, Menghe,</subfield>
    <subfield code="d">active 14th century-15th century</subfield>
  </datafield>
  <datafield tag="400" ind1="1" ind2=" ">
    <subfield code="a">Tʻang, Wen-feng,</subfield>
    <subfield code="d">active 14th century-15th century</subfield>
  </datafield>
  <datafield tag="400" ind1="1" ind2=" ">
    <subfield code="w">nnea</subfield>
    <subfield code="a">Tang, Wenfeng,</subfield>
    <subfield code="d">14th/15th cent.</subfield>
  </datafield>
  <datafield tag="400" ind1="1" ind2=" ">
    <subfield code="a">Tang, Ziyi,</subfield>
    <subfield code="d">active 14th century-15th century</subfield>
  </datafield>
  <datafield tag="400" ind1="1" ind2=" ">
    <subfield code="a">唐夢鶴,</subfield>
    <subfield code="d">active 14th century-15th century</subfield>
  </datafield>
  <datafield tag="400" ind1="1" ind2=" ">
    <subfield code="a">唐子仪,</subfield>
    <subfield code="d">active 14th century-15th century</subfield>
  </datafield>
  <datafield tag="400" ind1="1" ind2=" ">
    <subfield code="a">唐子儀,</subfield>
    <subfield code="d">active 14th century-15th century</subfield>
  </datafield>
  <datafield tag="400" ind1="1" ind2=" ">
    <subfield code="a">唐梦鹤,</subfield>
    <subfield code="d">active 14th century-15th century</subfield>
  </datafield>
  <datafield tag="400" ind1="1" ind2=" ">
    <subfield code="a">唐文凤,</subfield>
    <subfield code="d">active 14th century-15th century</subfield>
  </datafield>
  <datafield tag="400" ind1="1" ind2=" ">
    <subfield code="a">唐文鳳,</subfield>
    <subfield code="d">active 14th century-15th century</subfield>
  </datafield>
  <datafield tag="667" ind1=" " ind2=" ">
    <subfield code="a">Machine-derived non-Latin script reference project.</subfield>
  </datafield>
  <datafield tag="667" ind1=" " ind2=" ">
    <subfield code="a">Non-Latin script references not evaluated.</subfield>
  </datafield>
  <datafield tag="667" ind1=" " ind2=" ">
    <subfield code="a">Non-Latin script references reviewed in NACO CJK Funnel References Project.</subfield>
  </datafield>
  <datafield tag="670" ind1=" " ind2=" ">
    <subfield code="a">His Wu kang chi, 1978?:</subfield>
    <subfield code="b">caption (唐文鳳 = Tʻang Wen-feng; Ming dynasty) abstract (t. 子儀 = Tzu-i; h. 夢鶴 = Meng-ho)</subfield>
  </datafield>
  <datafield tag="670" ind1=" " ind2=" ">
    <subfield code="a">Zhongguo li dai ren ming da ci dian, 1999:</subfield>
    <subfield code="b">v. 2, p. 2036 (唐文凤 = Tang Wenfeng; native of Huizhou Fu Xi Xian; zi: 子仪 = Ziyi; hao: 梦鹤 = Menghe; son of Tang Guifang [1299-1371]; active during Yongle [i.e. 1403-1424])</subfield>
  </datafield>
  <datafield tag="670" ind1=" " ind2=" ">
    <subfield code="a">OCLC #68309971, November 20, 2019</subfield>
    <subfield code="b">(access point: 唐文鳳, active 14th century-15th century = Tang, Wenfeng, active 14th century-15th century; usage: 唐文鳳 = Tang Wenfeng)</subfield>
  </datafield>
  <datafield tag="953" ind1=" " ind2=" ">
    <subfield code="a">bl09</subfield>
    <subfield code="b">td03</subfield>
  </datafield>
</record>