
<record>
  <leader>00730cz  a2200205n  4500</leader>
  <controlfield tag="001">29302</controlfield>
  <controlfield tag="003">DLC</controlfield>
  <controlfield tag="005">20200104073354.0</controlfield>
  <controlfield tag="008">790814n| azannaabn          |n aaa      </controlfield>
  <datafield tag="010" ind1=" " ind2=" ">
    <subfield code="a">n  79066098 </subfield>
  </datafield>
  <datafield tag="035" ind1=" " ind2=" ">
    <subfield code="a">(OCoLC)oca00299002</subfield>
  </datafield>
  <datafield tag="040" ind1=" " ind2=" ">
    <subfield code="a">DLC</subfield>
    <subfield code="b">eng</subfield>
    <subfield code="c">DLC</subfield>
    <subfield code="d">NBuU</subfield>
    <subfield code="d">DLC</subfield>
    <subfield code="e">rda</subfield>
    <subfield code="d">OkU</subfield>
  </datafield>
  <datafield tag="046" ind1=" " ind2=" ">
    <subfield code="f">1932-03-05</subfield>
    <subfield code="g">2019-06-03</subfield>
    <subfield code="2">edtf</subfield>
  </datafield>
  <datafield tag="053" ind1=" " ind2="0">
    <subfield code="a">PS3568.U43</subfield>
  </datafield>
  <datafield tag="100" ind1="1" ind2=" ">
    <subfield code="a">Rumaker, Michael,</subfield>
    <subfield code="d">1932-2019</subfield>
  </datafield>
  <datafield tag="670" ind1=" " ind2=" ">
    <subfield code="a">His The butterfly, 1962.</subfield>
  </datafield>
  <datafield tag="670" ind1=" " ind2=" ">
    <subfield code="a">Contemporary authors, volumes 1-4, first revision, 1967:</subfield>
    <subfield code="b">(Michael Rumaker, b. Mar. 5, 1932)</subfield>
  </datafield>
  <datafield tag="670" ind1=" " ind2=" ">
    <subfield code="a">Findagrave, Jan. 3, 2020:</subfield>
    <subfield code="b">Michael Rumaker (b. Mar. 5, 1932; d. June 3, 2019)</subfield>
    <subfield code="u">https://www.findagrave.com/memorial/199856387/michael-rumaker</subfield>
  </datafield>
  <datafield tag="952" ind1=" " ind2=" ">
    <subfield code="a">RETRO</subfield>
  </datafield>
  <datafield tag="953" ind1=" " ind2=" ">
    <subfield code="a">xx00</subfield>
    <subfield code="b">rg10</subfield>
  </datafield>
</record>