
<record>
  <leader>01357cz  a2200349n  4500</leader>
  <controlfield tag="001">29555</controlfield>
  <controlfield tag="003">DLC</controlfield>
  <controlfield tag="005">20200104073355.0</controlfield>
  <controlfield tag="008">790705n| azannaabn          |b aaa      </controlfield>
  <datafield tag="010" ind1=" " ind2=" ">
    <subfield code="a">n  79068738 </subfield>
  </datafield>
  <datafield tag="035" ind1=" " ind2=" ">
    <subfield code="a">(OCoLC)oca00301573</subfield>
  </datafield>
  <datafield tag="040" ind1=" " ind2=" ">
    <subfield code="a">DLC</subfield>
    <subfield code="b">eng</subfield>
    <subfield code="e">rda</subfield>
    <subfield code="c">DLC</subfield>
    <subfield code="d">DLC</subfield>
    <subfield code="d">NjP</subfield>
    <subfield code="d">DLC</subfield>
    <subfield code="d">LNT</subfield>
    <subfield code="d">OCoLC</subfield>
    <subfield code="d">ICU</subfield>
    <subfield code="d">InU</subfield>
    <subfield code="d">DLC</subfield>
    <subfield code="d">InU</subfield>
    <subfield code="d">WU</subfield>
    <subfield code="d">ICU</subfield>
    <subfield code="d">InU</subfield>
    <subfield code="d">WU</subfield>
  </datafield>
  <datafield tag="046" ind1=" " ind2=" ">
    <subfield code="f">1941-09-03</subfield>
    <subfield code="g">1990-08-24</subfield>
    <subfield code="2">edtf</subfield>
  </datafield>
  <datafield tag="053" ind1=" " ind2="0">
    <subfield code="a">PG3479.6.O85</subfield>
  </datafield>
  <datafield tag="100" ind1="1" ind2=" ">
    <subfield code="a">Dovlatov, Sergeĭ</subfield>
  </datafield>
  <datafield tag="374" ind1=" " ind2=" ">
    <subfield code="a">Authors, Russian</subfield>
  </datafield>
  <datafield tag="375" ind1=" " ind2=" ">
    <subfield code="a">Males</subfield>
    <subfield code="2">lcdgt</subfield>
  </datafield>
  <datafield tag="377" ind1=" " ind2=" ">
    <subfield code="a">rus</subfield>
  </datafield>
  <datafield tag="400" ind1="1" ind2=" ">
    <subfield code="a">Довлатов, Сергей</subfield>
  </datafield>
  <datafield tag="400" ind1="1" ind2=" ">
    <subfield code="a">Dovlatov, S.</subfield>
    <subfield code="q">(Sergeĭ)</subfield>
  </datafield>
  <datafield tag="400" ind1="1" ind2=" ">
    <subfield code="a">Dovlatov, Sergey</subfield>
  </datafield>
  <datafield tag="400" ind1="1" ind2=" ">
    <subfield code="a">Довлатов, С.</subfield>
    <subfield code="q">(Сергей)</subfield>
  </datafield>
  <datafield tag="400" ind1="1" ind2=" ">
    <subfield code="a">Dowłatow, Siergiej</subfield>
  </datafield>
  <datafield tag="667" ind1=" " ind2=" ">
    <subfield code="a">Non-Latin script references not evaluated.</subfield>
  </datafield>
  <datafield tag="670" ind1=" " ind2=" ">
    <subfield code="a">The invisible book, c1979:</subfield>
    <subfield code="b">t.p. (Sergeĭ Dovlatov)</subfield>
  </datafield>
  <datafield tag="670" ind1=" " ind2=" ">
    <subfield code="a">Novoye russkoe slovo, Aug. 25, 1990</subfield>
    <subfield code="b">(d. 1990)</subfield>
  </datafield>
  <datafield tag="670" ind1=" " ind2=" ">
    <subfield code="a">A foreign woman, 1991:</subfield>
    <subfield code="b">CIP t.p. (Sergei Dovlatov)</subfield>
  </datafield>
  <datafield tag="670" ind1=" " ind2=" ">
    <subfield code="a">Zona, 1991:</subfield>
    <subfield code="b">t.p. (S. Dovlatov)</subfield>
  </datafield>
  <datafield tag="670" ind1=" " ind2=" ">
    <subfield code="a">Chekhov, Ilʹf, Dovlatov, 1999:</subfield>
    <subfield code="b">p. v (Sergeĭ Dovlatov, 1941-1990) p. 336 (Sergeĭ Donatovich Dovlatov)</subfield>
  </datafield>
  <datafield tag="670" ind1=" " ind2=" ">
    <subfield code="a">Wikipedia, June 26, 2012</subfield>
    <subfield code="b">(Dovlatov, Sergeĭ Donatovich; b. Sept. 3, 1941; d. Aug. 24, 1990)</subfield>
  </datafield>
  <datafield tag="670" ind1=" " ind2=" ">
    <subfield code="a">W poszukiwaniu sensu, 2014:</subfield>
    <subfield code="b">title page (... Siergieja Dowłatowa)</subfield>
  </datafield>
  <datafield tag="953" ind1=" " ind2=" ">
    <subfield code="a">br12</subfield>
    <subfield code="b">le08</subfield>
  </datafield>
</record>