
<record>
  <leader>01425cz  a2200301n  4500</leader>
  <controlfield tag="001">47525</controlfield>
  <controlfield tag="003">DLC</controlfield>
  <controlfield tag="005">20200104073409.0</controlfield>
  <controlfield tag="008">800926n| azannaabn          |b aaa      </controlfield>
  <datafield tag="010" ind1=" " ind2=" ">
    <subfield code="a">n  80104358 </subfield>
  </datafield>
  <datafield tag="035" ind1=" " ind2=" ">
    <subfield code="a">(OCoLC)oca00485217</subfield>
  </datafield>
  <datafield tag="040" ind1=" " ind2=" ">
    <subfield code="a">DLC</subfield>
    <subfield code="b">eng</subfield>
    <subfield code="e">rda</subfield>
    <subfield code="c">DLC</subfield>
    <subfield code="d">DLC-R</subfield>
    <subfield code="d">OCoLC</subfield>
    <subfield code="d">DLC</subfield>
    <subfield code="d">InU</subfield>
    <subfield code="d">MH</subfield>
  </datafield>
  <datafield tag="046" ind1=" " ind2=" ">
    <subfield code="f">19200823</subfield>
    <subfield code="g">20091026</subfield>
  </datafield>
  <datafield tag="100" ind1="1" ind2=" ">
    <subfield code="a">Tong, Te-kong,</subfield>
    <subfield code="d">1920-2009</subfield>
  </datafield>
  <datafield tag="400" ind1="1" ind2=" ">
    <subfield code="a">Tʻang, Te-kang,</subfield>
    <subfield code="d">1920-2009</subfield>
  </datafield>
  <datafield tag="400" ind1="1" ind2=" ">
    <subfield code="a">Tang, Degang,</subfield>
    <subfield code="d">1920-2009</subfield>
  </datafield>
  <datafield tag="400" ind1="1" ind2=" ">
    <subfield code="a">唐德刚,</subfield>
    <subfield code="d">1920-2009</subfield>
  </datafield>
  <datafield tag="400" ind1="1" ind2=" ">
    <subfield code="a">唐德剛,</subfield>
    <subfield code="d">1920-2009</subfield>
  </datafield>
  <datafield tag="667" ind1=" " ind2=" ">
    <subfield code="a">Machine-derived non-Latin script reference project.</subfield>
  </datafield>
  <datafield tag="667" ind1=" " ind2=" ">
    <subfield code="a">Non-Latin script references not evaluated.</subfield>
  </datafield>
  <datafield tag="667" ind1=" " ind2=" ">
    <subfield code="a">Non-Latin script references reviewed in NACO CJK Funnel References Project.</subfield>
  </datafield>
  <datafield tag="670" ind1=" " ind2=" ">
    <subfield code="a">Author&apos;s Diplomatic relations between China and the United States, 1844-1860, 1959.</subfield>
  </datafield>
  <datafield tag="670" ind1=" " ind2=" ">
    <subfield code="a">Author&apos;s Wang Qing qi shi nian, 1999:</subfield>
    <subfield code="b">t.p. (Tang Degang)</subfield>
  </datafield>
  <datafield tag="670" ind1=" " ind2=" ">
    <subfield code="a">Chinese Wikipedia WWW site, Oct. 4, 2010</subfield>
    <subfield code="b">(唐德剛 = Tang Degang; b. Aug. 23, 1920, Hefei; d. Oct. 26, 2009; Chinese American scholar, historian, literary biographer, redologist)</subfield>
  </datafield>
  <datafield tag="670" ind1=" " ind2=" ">
    <subfield code="a">SSDI, Oct. 4, 2010</subfield>
    <subfield code="b">(Tong, Te K.; b. Aug. 24, 1920; d. Oct. 26, 2009, aged 89; last address of record: Fremont, CA)</subfield>
  </datafield>
  <datafield tag="670" ind1=" " ind2=" ">
    <subfield code="a">OCLC #42850107, December 23, 2019</subfield>
    <subfield code="b">(access point: 唐德刚, 1920-2009 = Tong, Te-kong, 1920-2009; usage: 唐德刚 = Tang Degang)</subfield>
  </datafield>
  <datafield tag="952" ind1=" " ind2=" ">
    <subfield code="a">RETRO</subfield>
  </datafield>
  <datafield tag="953" ind1=" " ind2=" ">
    <subfield code="a">xx00</subfield>
    <subfield code="b">tc04</subfield>
  </datafield>
</record>