
<record>
  <leader>01111cz  a2200217n  4500</leader>
  <controlfield tag="001">82379</controlfield>
  <controlfield tag="003">DLC</controlfield>
  <controlfield tag="005">20200104073418.0</controlfield>
  <controlfield tag="008">821021n| azannaabn          |n aaa      </controlfield>
  <datafield tag="010" ind1=" " ind2=" ">
    <subfield code="a">n  82142818 </subfield>
  </datafield>
  <datafield tag="035" ind1=" " ind2=" ">
    <subfield code="a">(OCoLC)oca00838924</subfield>
  </datafield>
  <datafield tag="040" ind1=" " ind2=" ">
    <subfield code="a">DLC</subfield>
    <subfield code="b">eng</subfield>
    <subfield code="e">rda</subfield>
    <subfield code="c">DLC</subfield>
    <subfield code="d">DLC</subfield>
    <subfield code="d">OU</subfield>
  </datafield>
  <datafield tag="046" ind1=" " ind2=" ">
    <subfield code="f">1909-04-22</subfield>
    <subfield code="g">1998-12-31</subfield>
    <subfield code="2">edtf</subfield>
  </datafield>
  <datafield tag="100" ind1="1" ind2=" ">
    <subfield code="a">Klüver, Max,</subfield>
    <subfield code="d">1909-1998</subfield>
  </datafield>
  <datafield tag="370" ind1=" " ind2=" ">
    <subfield code="a">Hamburg (Germany)</subfield>
    <subfield code="2">naf</subfield>
  </datafield>
  <datafield tag="374" ind1=" " ind2=" ">
    <subfield code="a">Armed forces--Officers</subfield>
    <subfield code="a">Historians</subfield>
    <subfield code="a">Authors</subfield>
    <subfield code="2">lcsh</subfield>
  </datafield>
  <datafield tag="375" ind1=" " ind2=" ">
    <subfield code="a">Males</subfield>
    <subfield code="2">lcdgt</subfield>
  </datafield>
  <datafield tag="670" ind1=" " ind2=" ">
    <subfield code="a">His Den Sieg verspielt, 1981:</subfield>
    <subfield code="b">t.p. (Max Klüver) p. 9 (Historiker und Anglist) p. 352 (b. 1909 in Hamburg; Dr. rer. pol.)</subfield>
  </datafield>
  <datafield tag="670" ind1=" " ind2=" ">
    <subfield code="a">German National Library via VIAF, Jan. 3, 2020</subfield>
    <subfield code="b">(identifier: http://d-nb.info/gnd/106959093; GAC: XA-DE; preferred: Klüver, Max 1909-1998; field of activity: Deutschland, Grossbritannien; related: Hamburg)</subfield>
    <subfield code="u">http://www.viaf.org/processed/DNB%7C106959093</subfield>
  </datafield>
  <datafield tag="670" ind1=" " ind2=" ">
    <subfield code="a">National Library of Poland via VIAF, Jan. 3, 2020</subfield>
    <subfield code="b">(identifier: https://viaf.org/viaf/111317442; preferred: Klüver, Max (1909-1998))</subfield>
    <subfield code="u">http://www.viaf.org/processed/PLWABN%7C9810663336705606</subfield>
  </datafield>
  <datafield tag="953" ind1=" " ind2=" ">
    <subfield code="a">ec02</subfield>
  </datafield>
</record>