
<record>
  <leader>02470cz  a2200325n  4500</leader>
  <controlfield tag="001">84436</controlfield>
  <controlfield tag="003">DLC</controlfield>
  <controlfield tag="005">20200104073419.0</controlfield>
  <controlfield tag="008">830411n| azannaabn          |a ana      </controlfield>
  <datafield tag="010" ind1=" " ind2=" ">
    <subfield code="a">n  82163998 </subfield>
  </datafield>
  <datafield tag="035" ind1=" " ind2=" ">
    <subfield code="a">(OCoLC)oca00859895</subfield>
  </datafield>
  <datafield tag="040" ind1=" " ind2=" ">
    <subfield code="a">DLC</subfield>
    <subfield code="b">eng</subfield>
    <subfield code="e">rda</subfield>
    <subfield code="c">DLC</subfield>
    <subfield code="d">OCoLC</subfield>
    <subfield code="d">MoSU</subfield>
  </datafield>
  <datafield tag="046" ind1=" " ind2=" ">
    <subfield code="s">1967-08-15</subfield>
    <subfield code="t">1988-06-28</subfield>
    <subfield code="2">edtf</subfield>
  </datafield>
  <datafield tag="110" ind1="2" ind2=" ">
    <subfield code="a">Catholic Church.</subfield>
    <subfield code="b">Congregatio pro Religiosis et Institutis Saecularibus</subfield>
  </datafield>
  <datafield tag="370" ind1=" " ind2=" ">
    <subfield code="e">Vatican City</subfield>
    <subfield code="2">naf</subfield>
  </datafield>
  <datafield tag="410" ind1="2" ind2=" ">
    <subfield code="a">Catholic Church.</subfield>
    <subfield code="b">Kongregation für die Ordensleute und Säkularinstitute</subfield>
  </datafield>
  <datafield tag="410" ind1="2" ind2=" ">
    <subfield code="a">Catholic Church.</subfield>
    <subfield code="b">Sacra Congregatio pro Religiosis et Institutis Saecularibus</subfield>
  </datafield>
  <datafield tag="410" ind1="2" ind2=" ">
    <subfield code="a">Catholic Church.</subfield>
    <subfield code="b">Sacred Congregation for Religious and Secular Institutes</subfield>
  </datafield>
  <datafield tag="410" ind1="2" ind2=" ">
    <subfield code="a">Catholic Church.</subfield>
    <subfield code="b">Congregation for Religious and Secular Institutes</subfield>
  </datafield>
  <datafield tag="410" ind1="2" ind2=" ">
    <subfield code="a">Catholic Church.</subfield>
    <subfield code="b">S. Congrégation pour les religieux et les instituts séculiers</subfield>
  </datafield>
  <datafield tag="410" ind1="2" ind2=" ">
    <subfield code="a">Catholic Church.</subfield>
    <subfield code="b">Congrégation pour les religieux et les instituts séculiers</subfield>
  </datafield>
  <datafield tag="410" ind1="2" ind2=" ">
    <subfield code="a">Congregatio pro Religiosis et Institutis Saecularibus</subfield>
  </datafield>
  <datafield tag="510" ind1="2" ind2=" ">
    <subfield code="w">r</subfield>
    <subfield code="i">Predecessor:</subfield>
    <subfield code="a">Catholic Church.</subfield>
    <subfield code="b">Congregatio de Religiosis</subfield>
  </datafield>
  <datafield tag="510" ind1="2" ind2=" ">
    <subfield code="w">r</subfield>
    <subfield code="i">Successor:</subfield>
    <subfield code="a">Catholic Church.</subfield>
    <subfield code="b">Congregatio pro Institutis Vitae Consecratae et Societatibus Vitae Apostolicae</subfield>
  </datafield>
  <datafield tag="670" ind1=" " ind2=" ">
    <subfield code="a">Its Ordensinstruktion Renovationis causam, 1969.</subfield>
  </datafield>
  <datafield tag="670" ind1=" " ind2=" ">
    <subfield code="a">De institutione ad vitam religiosam ducendam, iuxta Instructionem &quot;Renovationis causam&quot;, 1969:</subfield>
    <subfield code="b">page 5 (Sacra Congregatio pro Religiosis et Institutis Saecularibus)</subfield>
  </datafield>
  <datafield tag="670" ind1=" " ind2=" ">
    <subfield code="a">Catholic Church. Congregatio pro Episcopis. Directives de base sur les rapports entre les évêques et les religieux dans l&apos;Eglise, 1978:</subfield>
    <subfield code="b">title page (S. Congrégation pour les religieux et les instituts séculiers)</subfield>
  </datafield>
  <datafield tag="670" ind1=" " ind2=" ">
    <subfield code="a">The Holy See official website (English-language version), viewed January 3, 2020:</subfield>
    <subfield code="b">link to Roman Curia page (Congregation for Institutes of Consecrated Life and Societies of Apostolic Life; it grew out of the Sacred Congregation for Consultations about Regulars, founded by Pope Sixtus V in 1586; its name was established as Congregatio pro Religiosis et Institutis Saecularibus by a constitution of Pope Paul VI, dated August 15, 1967; on June 28, 1988, Pope John Paul II changed its name to Congregatio pro Institutis Vitae Consecratae et Societatibus Vitae Apostolicae)</subfield>
    <subfield code="u">http://www.vatican.va/roman_curia/congregations/ccscrlife/documents/rc_con_ccscrlife_profile_en.html</subfield>
  </datafield>
  <datafield tag="952" ind1=" " ind2=" ">
    <subfield code="a">RETRO</subfield>
  </datafield>
  <datafield tag="953" ind1=" " ind2=" ">
    <subfield code="a">xx00</subfield>
  </datafield>
</record>