
<record>
  <leader>02976cz  a2200265n  4500</leader>
  <controlfield tag="001">98467</controlfield>
  <controlfield tag="003">DLC</controlfield>
  <controlfield tag="005">20200104073423.0</controlfield>
  <controlfield tag="008">830810n| azannaabn          |n aaa      </controlfield>
  <datafield tag="010" ind1=" " ind2=" ">
    <subfield code="a">n  83154298 </subfield>
  </datafield>
  <datafield tag="035" ind1=" " ind2=" ">
    <subfield code="a">(OCoLC)oca00980313</subfield>
  </datafield>
  <datafield tag="040" ind1=" " ind2=" ">
    <subfield code="a">DLC</subfield>
    <subfield code="b">eng</subfield>
    <subfield code="e">rda</subfield>
    <subfield code="c">DLC</subfield>
    <subfield code="d">LNT</subfield>
    <subfield code="d">DLC</subfield>
    <subfield code="d">OU</subfield>
  </datafield>
  <datafield tag="046" ind1=" " ind2=" ">
    <subfield code="f">1907-10-08</subfield>
    <subfield code="g">1986-08-13</subfield>
    <subfield code="2">edtf</subfield>
  </datafield>
  <datafield tag="100" ind1="1" ind2=" ">
    <subfield code="a">Bertaux, Pierre,</subfield>
    <subfield code="d">1907-1986</subfield>
  </datafield>
  <datafield tag="370" ind1=" " ind2=" ">
    <subfield code="a">Lyon (France)</subfield>
    <subfield code="b">Saint-Cloud (France)</subfield>
    <subfield code="2">naf</subfield>
  </datafield>
  <datafield tag="374" ind1=" " ind2=" ">
    <subfield code="a">Germanists</subfield>
    <subfield code="a">Politicians</subfield>
    <subfield code="a">College teachers</subfield>
    <subfield code="2">lcsh</subfield>
  </datafield>
  <datafield tag="375" ind1=" " ind2=" ">
    <subfield code="a">Males</subfield>
    <subfield code="2">lcdgt</subfield>
  </datafield>
  <datafield tag="670" ind1=" " ind2=" ">
    <subfield code="a">His Hölderlin, ou, Le temps d&apos;un poète, c1983:</subfield>
    <subfield code="b">t.p. (Pierre Bertaux) cover p. 4 (b. 1907)</subfield>
  </datafield>
  <datafield tag="670" ind1=" " ind2=" ">
    <subfield code="a">LC data base 8-4-83</subfield>
    <subfield code="b">(hdg.: Bertaux, Pierre, 1907-)</subfield>
  </datafield>
  <datafield tag="670" ind1=" " ind2=" ">
    <subfield code="a">Mémoires interrompus, 2000:</subfield>
    <subfield code="b">t.p. (Pierre Bertaux) p. 273, etc. (1907-1986; b. 8 Oct. 1907 in Lyon; Germanist; high-level government official; director general of construction company; professor)</subfield>
  </datafield>
  <datafield tag="670" ind1=" " ind2=" ">
    <subfield code="a">OCLC, Dec. 2, 2002</subfield>
    <subfield code="b">(hdgs.: Bertaux, Pierre, 1907- ; Bertaux, Pierre; usage: Pierre Bertaux)</subfield>
  </datafield>
  <datafield tag="670" ind1=" " ind2=" ">
    <subfield code="a">Biog. &amp; geneal. master index, Feb. 2, 2005</subfield>
    <subfield code="b">(Bertaux, Pierre Felix (1907-))</subfield>
  </datafield>
  <datafield tag="670" ind1=" " ind2=" ">
    <subfield code="a">BnF Web OPAC, Feb. 2, 2005</subfield>
    <subfield code="b">(Bertaux, Pierre (1907-1986); b. Oct. 8, 1907; d. Aug. 13, 1986)</subfield>
  </datafield>
  <datafield tag="670" ind1=" " ind2=" ">
    <subfield code="a">Wikidata via Wikipedia, January 3, 2020</subfield>
    <subfield code="b">(alias: Pierre Bertaux; sex or gender: male; place of birth: Lyon; award received: Officer of the Legion of Honour, Croix de guerre 1939-1945, Companion of the Liberation, Goethe Medal; LCAuth identifier: n83154298; VIAF identifier: 108610263; GND identifier: 118510053; place of death: Saint-Cloud; country of citizenship: France; instance of: human; BnF identifier: 121758621; Freebase identifier: /m/0g1gd3; date of birth: +1907-10-08T00:00:00Z; date of death: +1986-09-14T00:00:00Z, +1986-08-14T00:00:00Z; given name: Pierre; occupation: politician; NTA identifier (Netherlands): 069202443; languages spoken or published: French; Munzinger IBA: 00000014663; senat.fr ID: senateur-4eme-republique/bertaux_pierre0470r4; position held: Senator of the Fourth Republic; native language: French; People Australia identifier: 792570; FAST-ID: 116499; educated at: Lycée Janson-de-Sailly, École normale supérieure; ADK member ID (P4114): 50166; SHARE Catalogue author ID (P3987): 33623; PM20 folder ID (P4293): pe/001612; Bargeton ID (P4906): f728a4bff9212bd0b1e2bac82077e2d76845c54a; BNE identifier: XX872613; surname: Bertaux; RHE doctor ID (P5459): 218; ISNI (P213): 0000000109316528; SUDOC authorities: 030318092; Angelicum author ID (P5731): 45425; Compagnon de la Lib\u00e9ration ID (P4804): 87; CERL ID: cnp02033375; NKC identifier: xx0019930; doctoral student: Gilbert Merlio; archives at: Archives nationales; Brockhaus Enzyklop\u00e4die online ID (P5019): bertaux-pierre; description/label: Frans politicus , französischer Germanist, germanist, germaniste et homme politique français, políticu francés , פוליטיקאי צרפתי)</subfield>
    <subfield code="u">http://www.wikidata.org/entity/Q315073</subfield>
  </datafield>
  <datafield tag="953" ind1=" " ind2=" ">
    <subfield code="a">eb01</subfield>
    <subfield code="b">ta30</subfield>
  </datafield>
</record>