
<record>
  <leader>01952cz  a2200409n  4500</leader>
  <controlfield tag="001">101765</controlfield>
  <controlfield tag="003">DLC</controlfield>
  <controlfield tag="005">20200104073423.0</controlfield>
  <controlfield tag="008">831005nc azannaabn          |b aaa      </controlfield>
  <datafield tag="010" ind1=" " ind2=" ">
    <subfield code="a">n  83198018 </subfield>
  </datafield>
  <datafield tag="035" ind1=" " ind2=" ">
    <subfield code="a">(OCoLC)oca01011309</subfield>
  </datafield>
  <datafield tag="040" ind1=" " ind2=" ">
    <subfield code="a">DLC</subfield>
    <subfield code="b">eng</subfield>
    <subfield code="c">DLC</subfield>
    <subfield code="d">OCoLC</subfield>
    <subfield code="d">UPB</subfield>
    <subfield code="d">HkUST</subfield>
    <subfield code="e">rda</subfield>
    <subfield code="d">NNC</subfield>
    <subfield code="d">DLC</subfield>
    <subfield code="d">Uk</subfield>
    <subfield code="d">MH</subfield>
  </datafield>
  <datafield tag="046" ind1=" " ind2=" ">
    <subfield code="f">1893</subfield>
    <subfield code="g">1964</subfield>
  </datafield>
  <datafield tag="100" ind1="1" ind2=" ">
    <subfield code="a">Tang, Yongtong,</subfield>
    <subfield code="d">1893-1964</subfield>
  </datafield>
  <datafield tag="370" ind1=" " ind2=" ">
    <subfield code="a">Gansu Sheng, China</subfield>
  </datafield>
  <datafield tag="373" ind1=" " ind2=" ">
    <subfield code="a">Beijing da xue</subfield>
  </datafield>
  <datafield tag="373" ind1=" " ind2=" ">
    <subfield code="a">Nanjing da xue</subfield>
  </datafield>
  <datafield tag="373" ind1=" " ind2=" ">
    <subfield code="a">Nankai da xue</subfield>
  </datafield>
  <datafield tag="374" ind1=" " ind2=" ">
    <subfield code="a">Professor</subfield>
    <subfield code="a">Historian</subfield>
    <subfield code="a">Author</subfield>
    <subfield code="a">Philosopher</subfield>
  </datafield>
  <datafield tag="375" ind1=" " ind2=" ">
    <subfield code="a">male</subfield>
  </datafield>
  <datafield tag="377" ind1=" " ind2=" ">
    <subfield code="a">chi</subfield>
  </datafield>
  <datafield tag="400" ind1="1" ind2=" ">
    <subfield code="w">nne</subfield>
    <subfield code="a">Tʻang, Yung-tʻung,</subfield>
    <subfield code="d">1893-1964</subfield>
  </datafield>
  <datafield tag="400" ind1="1" ind2=" ">
    <subfield code="a">汤用彤,</subfield>
    <subfield code="d">1893-1964</subfield>
  </datafield>
  <datafield tag="400" ind1="1" ind2=" ">
    <subfield code="a">湯用彤,</subfield>
    <subfield code="d">1893-1964</subfield>
  </datafield>
  <datafield tag="400" ind1="1" ind2=" ">
    <subfield code="a">Tang, Xiyu,</subfield>
    <subfield code="d">1893-1964</subfield>
  </datafield>
  <datafield tag="400" ind1="1" ind2=" ">
    <subfield code="a">Tʻang, Hsi-yü,</subfield>
    <subfield code="d">1893-1964</subfield>
  </datafield>
  <datafield tag="400" ind1="1" ind2=" ">
    <subfield code="a">汤锡予,</subfield>
    <subfield code="d">1893-1964</subfield>
  </datafield>
  <datafield tag="400" ind1="1" ind2=" ">
    <subfield code="w">nnaa</subfield>
    <subfield code="a">Tʻang, Yung-tʻung,</subfield>
    <subfield code="d">1892-1964</subfield>
  </datafield>
  <datafield tag="667" ind1=" " ind2=" ">
    <subfield code="a">Machine-derived non-Latin script reference project.</subfield>
  </datafield>
  <datafield tag="667" ind1=" " ind2=" ">
    <subfield code="a">Non-Latin script references not evaluated.</subfield>
  </datafield>
  <datafield tag="667" ind1=" " ind2=" ">
    <subfield code="a">Non-Latin script references reviewed in NACO CJK Funnel References Project.</subfield>
  </datafield>
  <datafield tag="670" ind1=" " ind2=" ">
    <subfield code="a">His Sui Tʻang fo chiao shih kao, 1982:</subfield>
    <subfield code="b">colophon (汤用彤 = Tʻang Yung-tʻung) p. 1 of 1st group (1893-1964; t. 锡予 = Hsi-yü)</subfield>
  </datafield>
  <datafield tag="670" ind1=" " ind2=" ">
    <subfield code="a">LC data base, 8/12/83</subfield>
    <subfield code="b">(Hdg.: Tʻang, Yung-tʻung, 1892-1964) LC manual auth. cd. (Hdg.: Tʻang, Yung-tʻung, 1892-1964)</subfield>
  </datafield>
  <datafield tag="670" ind1=" " ind2=" ">
    <subfield code="a">wikipedia via WWW, Nov. 19, 2010:</subfield>
    <subfield code="b">(Tang Yongtong, 1893-1964, born in Gansu Province; the family originated in Hubei Province; professor of Beijing Da Xue, Nanjing Da Xue, Nankai da Xue, etc.)</subfield>
  </datafield>
  <datafield tag="670" ind1=" " ind2=" ">
    <subfield code="a">World Biographical Information System, Nov. 19, 2010</subfield>
    <subfield code="b">(Tang Yongtong, 1893-1964; philosopher; historian of Buddhism; university dean and professor; academician; author)</subfield>
  </datafield>
  <datafield tag="670" ind1=" " ind2=" ">
    <subfield code="a">OCLC #10183137, November 20, 2019</subfield>
    <subfield code="b">(access point: 汤用彤, 1893-1964 = Tang, Yongtong, 1893-1964; usage: 汤用彤 = Tang Yongtong)</subfield>
  </datafield>
  <datafield tag="953" ind1=" " ind2=" ">
    <subfield code="a">bl31</subfield>
  </datafield>
</record>