
<record>
  <leader>01214cz  a2200301n  4500</leader>
  <controlfield tag="001">108289</controlfield>
  <controlfield tag="003">DLC</controlfield>
  <controlfield tag="005">20200104073505.0</controlfield>
  <controlfield tag="008">840412nc azannaabn          |b aaa      </controlfield>
  <datafield tag="010" ind1=" " ind2=" ">
    <subfield code="a">n  84007378 </subfield>
  </datafield>
  <datafield tag="035" ind1=" " ind2=" ">
    <subfield code="a">(OCoLC)oca01094152</subfield>
  </datafield>
  <datafield tag="040" ind1=" " ind2=" ">
    <subfield code="a">DLC</subfield>
    <subfield code="b">eng</subfield>
    <subfield code="e">rda</subfield>
    <subfield code="c">DLC</subfield>
    <subfield code="d">DLC</subfield>
    <subfield code="d">OCoLC</subfield>
    <subfield code="d">DLC</subfield>
    <subfield code="d">OCoLC</subfield>
    <subfield code="d">DLC</subfield>
    <subfield code="d">HkJHD</subfield>
  </datafield>
  <datafield tag="046" ind1=" " ind2=" ">
    <subfield code="s">1594</subfield>
    <subfield code="t">1603</subfield>
  </datafield>
  <datafield tag="100" ind1="1" ind2=" ">
    <subfield code="a">Gu, Bing,</subfield>
    <subfield code="d">active 1594-1603</subfield>
  </datafield>
  <datafield tag="400" ind1="1" ind2=" ">
    <subfield code="a">Gu, Anran,</subfield>
    <subfield code="d">active 1594-1603</subfield>
  </datafield>
  <datafield tag="400" ind1="1" ind2=" ">
    <subfield code="w">nnea</subfield>
    <subfield code="a">Gu, Bing,</subfield>
    <subfield code="d">fl. 1594-1603</subfield>
  </datafield>
  <datafield tag="400" ind1="1" ind2=" ">
    <subfield code="a">Gu, Huaiquan,</subfield>
    <subfield code="d">active 1594-1603</subfield>
  </datafield>
  <datafield tag="400" ind1="1" ind2=" ">
    <subfield code="w">nnea</subfield>
    <subfield code="a">Ku, Ping,</subfield>
    <subfield code="d">fl. 1594-1603</subfield>
  </datafield>
  <datafield tag="400" ind1="1" ind2=" ">
    <subfield code="a">顧炳,</subfield>
    <subfield code="d">active 1594-1603</subfield>
  </datafield>
  <datafield tag="400" ind1="1" ind2=" ">
    <subfield code="a">顾炳,</subfield>
    <subfield code="d">active 1594-1603</subfield>
  </datafield>
  <datafield tag="667" ind1=" " ind2=" ">
    <subfield code="a">Machine-derived non-Latin script reference project.</subfield>
  </datafield>
  <datafield tag="667" ind1=" " ind2=" ">
    <subfield code="a">Non-Latin script references not evaluated.</subfield>
  </datafield>
  <datafield tag="667" ind1=" " ind2=" ">
    <subfield code="a">Non-Latin script references reviewed in NACO CJK Funnel References Project.</subfield>
  </datafield>
  <datafield tag="670" ind1=" " ind2=" ">
    <subfield code="a">His Li tai ming hua ta chʻeng, 1983?:</subfield>
    <subfield code="b">pub. data (Ku Ping)</subfield>
  </datafield>
  <datafield tag="670" ind1=" " ind2=" ">
    <subfield code="a">LC manual auth. cd.</subfield>
    <subfield code="b">(hdg.: Ku, Ping, fl. 1594-1603)</subfield>
  </datafield>
  <datafield tag="670" ind1=" " ind2=" ">
    <subfield code="a">Li dai ming gong hua pu, 2001:</subfield>
    <subfield code="b">pref. (Gu Bing; z. Anran; h. Huaiquan).</subfield>
  </datafield>
  <datafield tag="670" ind1=" " ind2=" ">
    <subfield code="a">LC database, 3 January 2020</subfield>
    <subfield code="b">(access point: 顧炳, active 1594-1603 = Gu, Bing, active 1594-1603)</subfield>
  </datafield>
  <datafield tag="953" ind1=" " ind2=" ">
    <subfield code="a">bl19</subfield>
    <subfield code="b">yc05</subfield>
  </datafield>
</record>