
<record>
  <leader>01042cz  a2200229n  4500</leader>
  <controlfield tag="001">116557</controlfield>
  <controlfield tag="003">DLC</controlfield>
  <controlfield tag="005">20200104073456.0</controlfield>
  <controlfield tag="008">841031n| azannaabn          |b aaa      </controlfield>
  <datafield tag="010" ind1=" " ind2=" ">
    <subfield code="a">n  84122278 </subfield>
  </datafield>
  <datafield tag="035" ind1=" " ind2=" ">
    <subfield code="a">(OCoLC)oca01213688</subfield>
  </datafield>
  <datafield tag="040" ind1=" " ind2=" ">
    <subfield code="a">DLC</subfield>
    <subfield code="b">eng</subfield>
    <subfield code="e">rda</subfield>
    <subfield code="c">DLC</subfield>
    <subfield code="d">OCoLC</subfield>
    <subfield code="d">DLC</subfield>
    <subfield code="d">MH</subfield>
  </datafield>
  <datafield tag="100" ind1="1" ind2=" ">
    <subfield code="a">Tu, Fengxiang,</subfield>
    <subfield code="d">1929-</subfield>
  </datafield>
  <datafield tag="400" ind1="1" ind2=" ">
    <subfield code="w">nne</subfield>
    <subfield code="a">Tʻu, Feng-hsiang,</subfield>
    <subfield code="d">1929-</subfield>
  </datafield>
  <datafield tag="400" ind1="1" ind2=" ">
    <subfield code="a">涂逢祥,</subfield>
    <subfield code="d">1929-</subfield>
  </datafield>
  <datafield tag="667" ind1=" " ind2=" ">
    <subfield code="a">Machine-derived non-Latin script reference project.</subfield>
  </datafield>
  <datafield tag="667" ind1=" " ind2=" ">
    <subfield code="a">Non-Latin script reference not evaluated.</subfield>
  </datafield>
  <datafield tag="667" ind1=" " ind2=" ">
    <subfield code="a">Non-Latin script references reviewed in NACO CJK Funnel References Project.</subfield>
  </datafield>
  <datafield tag="670" ind1=" " ind2=" ">
    <subfield code="a">His Ou Mei kuo chia hun ning tʻu leng tʻien shih kung, 1980 (1982 printing):</subfield>
    <subfield code="b">t.p. (Tʻu Feng-hsiang)</subfield>
  </datafield>
  <datafield tag="670" ind1=" " ind2=" ">
    <subfield code="a">His Zhongguo jian zhu jie neng lu jing tan suo, 2011:</subfield>
    <subfield code="b">t.p. (涂逢祥 = Tu Fengxiang) p. 378 (male; b. Aug. 29, 1929 at Jiangxi Sheng Lichuan Xian)</subfield>
  </datafield>
  <datafield tag="670" ind1=" " ind2=" ">
    <subfield code="a">OCLC #799768019, December 23, 2019</subfield>
    <subfield code="b">(access point: 涂逢祥, 1929- = Tu, Fengxiang, 1929-; usage: 涂逢祥 = Tu Fengxiang)</subfield>
  </datafield>
  <datafield tag="953" ind1=" " ind2=" ">
    <subfield code="a">bl19</subfield>
  </datafield>
</record>