
<record>
  <leader>01277cz  a2200277n  4500</leader>
  <controlfield tag="001">120983</controlfield>
  <controlfield tag="003">DLC</controlfield>
  <controlfield tag="005">20200104073329.0</controlfield>
  <controlfield tag="008">850123n| azannaabn          |a aaa      </controlfield>
  <datafield tag="010" ind1=" " ind2=" ">
    <subfield code="a">n  84181458 </subfield>
    <subfield code="z">n  81004722 </subfield>
    <subfield code="z">no 98048232 </subfield>
    <subfield code="z">n  95009961 </subfield>
  </datafield>
  <datafield tag="035" ind1=" " ind2=" ">
    <subfield code="a">(OCoLC)oca01259794</subfield>
  </datafield>
  <datafield tag="040" ind1=" " ind2=" ">
    <subfield code="a">DLC</subfield>
    <subfield code="b">eng</subfield>
    <subfield code="e">rda</subfield>
    <subfield code="c">DLC</subfield>
    <subfield code="d">DLC</subfield>
    <subfield code="d">VtMiM-Mu</subfield>
    <subfield code="d">DLC</subfield>
    <subfield code="d">NcU</subfield>
  </datafield>
  <datafield tag="046" ind1=" " ind2=" ">
    <subfield code="f">1938-01-28</subfield>
    <subfield code="2">edtf</subfield>
  </datafield>
  <datafield tag="100" ind1="1" ind2=" ">
    <subfield code="a">Rooney, Jim,</subfield>
    <subfield code="d">1938-</subfield>
  </datafield>
  <datafield tag="370" ind1=" " ind2=" ">
    <subfield code="c">United States</subfield>
    <subfield code="2">naf</subfield>
  </datafield>
  <datafield tag="373" ind1=" " ind2=" ">
    <subfield code="a">Newport Folk Festival</subfield>
    <subfield code="2">naf</subfield>
  </datafield>
  <datafield tag="374" ind1=" " ind2=" ">
    <subfield code="a">Sound recording executives and producers</subfield>
    <subfield code="a">Authors</subfield>
    <subfield code="2">lcsh</subfield>
  </datafield>
  <datafield tag="378" ind1=" " ind2=" ">
    <subfield code="q">James K.</subfield>
  </datafield>
  <datafield tag="400" ind1="1" ind2=" ">
    <subfield code="a">Rooney, James,</subfield>
    <subfield code="d">1938-</subfield>
  </datafield>
  <datafield tag="400" ind1="1" ind2=" ">
    <subfield code="a">Rooney, James K.,</subfield>
    <subfield code="d">1938-</subfield>
  </datafield>
  <datafield tag="667" ind1=" " ind2=" ">
    <subfield code="a">Old catalog headings: Rooney, Jim; Rooney, James, 1938-</subfield>
  </datafield>
  <datafield tag="670" ind1=" " ind2=" ">
    <subfield code="a">His Bossmen, 1985:</subfield>
    <subfield code="b">CIP t.p. (Jim Rooney)</subfield>
  </datafield>
  <datafield tag="670" ind1=" " ind2=" ">
    <subfield code="a">LC data base, 1-18-85</subfield>
    <subfield code="b">(hdg.: Rooney, James, 1938-; Rooney, Jim; usage: Jim Rooney)</subfield>
  </datafield>
  <datafield tag="670" ind1=" " ind2=" ">
    <subfield code="a">Newport Folk Festival 1969, 1969:</subfield>
    <subfield code="b">p. 5 (James K. Rooney, editor)</subfield>
  </datafield>
  <datafield tag="670" ind1=" " ind2=" ">
    <subfield code="a">Wikipedia, Dec. 23, 2019</subfield>
    <subfield code="b">(Jim Rooney; born January 28, 1938, Boston, Mass.; American music producer active in Americana music; served as director and talent coordinator for the Newport Folk Festival; author of Bossmen and two other books)</subfield>
    <subfield code="u">https://en.wikipedia.org/wiki/Jim_Rooney_(music)</subfield>
  </datafield>
  <datafield tag="953" ind1=" " ind2=" ">
    <subfield code="a">vk03</subfield>
    <subfield code="b">vl16</subfield>
  </datafield>
</record>