
<record>
  <leader>01317cz  a2200277n  4500</leader>
  <controlfield tag="001">133844</controlfield>
  <controlfield tag="003">DLC</controlfield>
  <controlfield tag="005">20200104073332.0</controlfield>
  <controlfield tag="008">850516n| azannaabn          |a aaa      </controlfield>
  <datafield tag="010" ind1=" " ind2=" ">
    <subfield code="a">n  85059348 </subfield>
  </datafield>
  <datafield tag="016" ind1=" " ind2=" ">
    <subfield code="a">0021E0000E</subfield>
  </datafield>
  <datafield tag="035" ind1=" " ind2=" ">
    <subfield code="a">(OCoLC)oca01347031</subfield>
  </datafield>
  <datafield tag="040" ind1=" " ind2=" ">
    <subfield code="a">DLC</subfield>
    <subfield code="b">eng</subfield>
    <subfield code="e">rda</subfield>
    <subfield code="c">DLC</subfield>
    <subfield code="d">MH</subfield>
    <subfield code="d">DLC</subfield>
    <subfield code="d">CaBViV</subfield>
    <subfield code="d">CaOONL</subfield>
  </datafield>
  <datafield tag="046" ind1=" " ind2=" ">
    <subfield code="f">1939</subfield>
    <subfield code="2">edtf</subfield>
  </datafield>
  <datafield tag="100" ind1="1" ind2=" ">
    <subfield code="a">Fleming, Patricia,</subfield>
    <subfield code="d">1939-</subfield>
  </datafield>
  <datafield tag="370" ind1=" " ind2=" ">
    <subfield code="e">Toronto (Ont.)</subfield>
    <subfield code="2">naf</subfield>
  </datafield>
  <datafield tag="372" ind1=" " ind2=" ">
    <subfield code="a">Library science</subfield>
    <subfield code="2">lcsh</subfield>
  </datafield>
  <datafield tag="378" ind1=" " ind2=" ">
    <subfield code="q">Erin Patricia</subfield>
  </datafield>
  <datafield tag="400" ind1="1" ind2=" ">
    <subfield code="a">Fleming, Patricia Lockhart,</subfield>
    <subfield code="d">1939-</subfield>
  </datafield>
  <datafield tag="400" ind1="1" ind2=" ">
    <subfield code="a">Fleming, Erin Patricia Lockhart,</subfield>
    <subfield code="d">1939-</subfield>
  </datafield>
  <datafield tag="670" ind1=" " ind2=" ">
    <subfield code="a">Guide to basic reference materials for Canadian libraries, 1984:</subfield>
    <subfield code="b">t.p. (Patricia Fleming) Can CIP (Fleming, Patricia)</subfield>
  </datafield>
  <datafield tag="670" ind1=" " ind2=" ">
    <subfield code="a">Her Upper Canadian imprints, 1801-1841, c1988:</subfield>
    <subfield code="b">t.p. (Patricia Lockhart Fleming) Can CIP (Fleming, Patricia, 1939-) p. i (Assoc. Professor in the Faculty of Library and Info. Science, Univ. of Toronto)</subfield>
  </datafield>
  <datafield tag="670" ind1=" " ind2=" ">
    <subfield code="a">NLC fiche 12-24-96</subfield>
    <subfield code="b">(hdg.: Fleming, Patricia; x--Fleming, Erin Patricia Lockhart [full name])</subfield>
  </datafield>
  <datafield tag="670" ind1=" " ind2=" ">
    <subfield code="a">Canadiana database, viewed 18 December 2019</subfield>
    <subfield code="b">(Authorized access point: Fleming, Patricia; variant access point: Fleming, Erin Patricia Lockhart; Fleming, Patricia Lockhart; Canadian)</subfield>
  </datafield>
  <datafield tag="700" ind1="1" ind2="6">
    <subfield code="a">Fleming, Patricia</subfield>
    <subfield code="0">(CaOONL)ncf10105229</subfield>
  </datafield>
  <datafield tag="953" ind1=" " ind2=" ">
    <subfield code="a">ea00</subfield>
    <subfield code="b">lh08</subfield>
  </datafield>
</record>