
<record>
  <leader>01160cz  a2200265n  4500</leader>
  <controlfield tag="001">140658</controlfield>
  <controlfield tag="003">DLC</controlfield>
  <controlfield tag="005">20200104073336.0</controlfield>
  <controlfield tag="008">851220n| azannaabn          |a aaa     c</controlfield>
  <datafield tag="010" ind1=" " ind2=" ">
    <subfield code="a">n  85144788 </subfield>
  </datafield>
  <datafield tag="016" ind1=" " ind2=" ">
    <subfield code="a">0013B1871E</subfield>
  </datafield>
  <datafield tag="035" ind1=" " ind2=" ">
    <subfield code="a">(OCoLC)oca01458951</subfield>
  </datafield>
  <datafield tag="040" ind1=" " ind2=" ">
    <subfield code="a">IEN</subfield>
    <subfield code="b">eng</subfield>
    <subfield code="e">rda</subfield>
    <subfield code="c">DLC</subfield>
    <subfield code="d">DLC</subfield>
    <subfield code="d">OCoLC</subfield>
    <subfield code="d">CaBViV</subfield>
    <subfield code="d">CaOONL</subfield>
  </datafield>
  <datafield tag="046" ind1=" " ind2=" ">
    <subfield code="f">1947</subfield>
    <subfield code="g">2011-08-13</subfield>
    <subfield code="2">edtf</subfield>
  </datafield>
  <datafield tag="100" ind1="1" ind2=" ">
    <subfield code="a">Goluska, Glenn</subfield>
  </datafield>
  <datafield tag="370" ind1=" " ind2=" ">
    <subfield code="c">Canada</subfield>
    <subfield code="2">naf</subfield>
  </datafield>
  <datafield tag="378" ind1=" " ind2=" ">
    <subfield code="q">Glenn Edward</subfield>
  </datafield>
  <datafield tag="400" ind1="1" ind2=" ">
    <subfield code="a">Goluska, Glenn,</subfield>
    <subfield code="d">1947-</subfield>
  </datafield>
  <datafield tag="670" ind1=" " ind2=" ">
    <subfield code="a">Mayakovsky, V. Brooklyn Bridge, 1985:</subfield>
    <subfield code="b">p. 10 (Glenn Goluska)</subfield>
  </datafield>
  <datafield tag="670" ind1=" " ind2=" ">
    <subfield code="a">nuc87-52322: Scott Joplin &amp; the music of ragtime, 1983</subfield>
    <subfield code="b">(hdg. on CaBVaU rept.: Goluska, Glenn, 1947- ; usage: Glenn Goluska)</subfield>
  </datafield>
  <datafield tag="670" ind1=" " ind2=" ">
    <subfield code="a">NLC, 9/23/87</subfield>
    <subfield code="b">(hdg.: Goluska, Glenn, 1947- ; full name: Glenn Edward Golluska)</subfield>
  </datafield>
  <datafield tag="670" ind1=" " ind2=" ">
    <subfield code="a">A dictionary of Toronto printers, publishers, booksellers, and the allied trades, 1798-1900, ©1982:</subfield>
    <subfield code="b">page 311 (Design and production, Glenn Goluska)</subfield>
  </datafield>
  <datafield tag="670" ind1=" " ind2=" ">
    <subfield code="a">Canadiana database, viewed 18 December 2019</subfield>
    <subfield code="b">(Goluska, Glenn, 1947-; resides in Canada; date of death, 2011-08-13)</subfield>
  </datafield>
  <datafield tag="700" ind1="1" ind2="6">
    <subfield code="a">Goluska, Glenn,</subfield>
    <subfield code="d">1947-</subfield>
    <subfield code="0">(CaOONL)ncf10152551</subfield>
  </datafield>
  <datafield tag="953" ind1=" " ind2=" ">
    <subfield code="a">bz01</subfield>
    <subfield code="b">na20</subfield>
  </datafield>
</record>