
<record>
  <leader>00907cz  a2200229n  4500</leader>
  <controlfield tag="001">157883</controlfield>
  <controlfield tag="003">DLC</controlfield>
  <controlfield tag="005">20200104073337.0</controlfield>
  <controlfield tag="008">870512n| acannaabn          |b aaa     c</controlfield>
  <datafield tag="010" ind1=" " ind2=" ">
    <subfield code="a">n  85364738 </subfield>
  </datafield>
  <datafield tag="035" ind1=" " ind2=" ">
    <subfield code="a">(OCoLC)oca01852431</subfield>
  </datafield>
  <datafield tag="040" ind1=" " ind2=" ">
    <subfield code="a">IU</subfield>
    <subfield code="b">eng</subfield>
    <subfield code="c">DLC</subfield>
    <subfield code="d">DLC</subfield>
    <subfield code="d">OCoLC</subfield>
    <subfield code="d">NNC</subfield>
  </datafield>
  <datafield tag="046" ind1=" " ind2=" ">
    <subfield code="f">1937-04-07</subfield>
    <subfield code="g">2008-12-01</subfield>
    <subfield code="2">edtf</subfield>
  </datafield>
  <datafield tag="100" ind1="1" ind2=" ">
    <subfield code="a">Abdiev, Tuuganbaĭ</subfield>
  </datafield>
  <datafield tag="370" ind1=" " ind2=" ">
    <subfield code="a">Toktogul raĭonu (Kyrgyzstan)</subfield>
    <subfield code="b">Bishkek (Kyrgyzstan)</subfield>
    <subfield code="2">naf</subfield>
  </datafield>
  <datafield tag="374" ind1=" " ind2=" ">
    <subfield code="a">Poets</subfield>
    <subfield code="2">lcsh</subfield>
  </datafield>
  <datafield tag="377" ind1=" " ind2=" ">
    <subfield code="a">kir</subfield>
  </datafield>
  <datafield tag="400" ind1="1" ind2=" ">
    <subfield code="a">Абдиев, Тууганбай</subfield>
  </datafield>
  <datafield tag="667" ind1=" " ind2=" ">
    <subfield code="a">Non-Latin script reference not evaluated.</subfield>
  </datafield>
  <datafield tag="670" ind1=" " ind2=" ">
    <subfield code="a">His Tan︠g︡shy, komuz, 1979:</subfield>
    <subfield code="b">t.p. (Tuuganbaĭ Abdiev)</subfield>
  </datafield>
  <datafield tag="670" ind1=" " ind2=" ">
    <subfield code="a">Russiana Wikipedia, January 2, 2020</subfield>
    <subfield code="b">(Абдиев, Тууганбай = Abdiev Tuuganbaĭ; born April 7, 1937 in Nichke-Saĭ, Ketmenʹ-Ti︠u︡binskiĭ raĭon, Kirgizskai︠a︡ SSR; died December 1, 2008; poet, story-teller)</subfield>
  </datafield>
  <datafield tag="953" ind1=" " ind2=" ">
    <subfield code="a">bz55</subfield>
  </datafield>
</record>