
<record>
  <leader>02025cz  a2200289n  4500</leader>
  <controlfield tag="001">171907</controlfield>
  <controlfield tag="003">DLC</controlfield>
  <controlfield tag="005">20200104073437.0</controlfield>
  <controlfield tag="008">861027n| azannaabn          |a aaa      </controlfield>
  <datafield tag="010" ind1=" " ind2=" ">
    <subfield code="a">n  86116828 </subfield>
  </datafield>
  <datafield tag="035" ind1=" " ind2=" ">
    <subfield code="a">(OCoLC)oca01745350</subfield>
  </datafield>
  <datafield tag="040" ind1=" " ind2=" ">
    <subfield code="a">DLC</subfield>
    <subfield code="b">eng</subfield>
    <subfield code="e">rda</subfield>
    <subfield code="c">DLC</subfield>
    <subfield code="d">OCoLC</subfield>
    <subfield code="d">PSt</subfield>
    <subfield code="d">DLC</subfield>
    <subfield code="d">OkU</subfield>
    <subfield code="d">KyU</subfield>
  </datafield>
  <datafield tag="046" ind1=" " ind2=" ">
    <subfield code="f">1843-03-03?</subfield>
    <subfield code="g">1930-11-30?</subfield>
    <subfield code="2">edtf</subfield>
  </datafield>
  <datafield tag="100" ind1="1" ind2=" ">
    <subfield code="a">Anderson, Robert,</subfield>
    <subfield code="d">1843-1930</subfield>
  </datafield>
  <datafield tag="370" ind1=" " ind2=" ">
    <subfield code="a">Greensburg (Ky.)</subfield>
    <subfield code="b">Union (Neb.)</subfield>
    <subfield code="c">United States</subfield>
    <subfield code="e">Butler County (Neb.)</subfield>
    <subfield code="2">naf</subfield>
  </datafield>
  <datafield tag="374" ind1=" " ind2=" ">
    <subfield code="a">Soldiers</subfield>
    <subfield code="a">Farmers</subfield>
    <subfield code="2">naf</subfield>
  </datafield>
  <datafield tag="375" ind1=" " ind2=" ">
    <subfield code="a">Males</subfield>
    <subfield code="2">lcdgt</subfield>
  </datafield>
  <datafield tag="377" ind1=" " ind2=" ">
    <subfield code="a">eng</subfield>
  </datafield>
  <datafield tag="400" ind1="1" ind2=" ">
    <subfield code="w">nnea</subfield>
    <subfield code="a">Anderson, Robert,</subfield>
    <subfield code="d">b. 1843</subfield>
  </datafield>
  <datafield tag="400" ind1="1" ind2=" ">
    <subfield code="a">Anderson, Robert Ball,</subfield>
    <subfield code="d">1843-1930</subfield>
  </datafield>
  <datafield tag="400" ind1="1" ind2=" ">
    <subfield code="a">Anderson, Robert Bell,</subfield>
    <subfield code="d">1843-1930</subfield>
  </datafield>
  <datafield tag="670" ind1=" " ind2=" ">
    <subfield code="a">His From slavery to affluence, c1986:</subfield>
    <subfield code="b">t.p. (Robert Anderson, ex-slave)</subfield>
  </datafield>
  <datafield tag="670" ind1=" " ind2=" ">
    <subfield code="a">LC data base, 10-23-86</subfield>
    <subfield code="b">(hdg.: Anderson, Robert, 1843- )</subfield>
  </datafield>
  <datafield tag="670" ind1=" " ind2=" ">
    <subfield code="a">Notable Kentucky African Americans database WWW site, June 16, 2008</subfield>
    <subfield code="b">(Anderson, Robert B., 1843-1930; b. in Green Co., Ky.; ran away from slavery and joined the Union Army in 1864; settled in Nebraska and became a successful farmer, m. his wife Daisy in 1922; Robert Ball Anderson)</subfield>
  </datafield>
  <datafield tag="670" ind1=" " ind2=" ">
    <subfield code="a">Kentucky encyclopedia, ©1992:</subfield>
    <subfield code="b">pages 21-22 (Robert Ball Anderson was a farmer and Civil War volunteer, born a slave on March 1, 1843 in Greensburg, Ky.  In 1864 joined the 125th Colored Infantry in the Civil War and was training for combat when the war ended.  Following his discharge he acquired an eighty-acre farm in Butler County, Nebraska.  Later moved to westen Nebraska where he obtained a quarter section of land under the 1873 Timber Culture Act.  His memoirs were published in 1927. Died near Lincoln, Nebraska on December 3, 1931.)</subfield>
  </datafield>
  <datafield tag="670" ind1=" " ind2=" ">
    <subfield code="a">Nebraska, Grand Army of the Republic, Burial Records, 1861-1948 via FamilySearch (online), viewed January 3, 2020</subfield>
    <subfield code="b">(Robert Ball Anderson, aka Robert Bell Anderson, died November 30, 1930 in Union, Nebraska.  Buried in Hemingford Cemetery, Box Butte, Nebraska.  Born March 3, 1843.)</subfield>
  </datafield>
  <datafield tag="953" ind1=" " ind2=" ">
    <subfield code="a">bt07</subfield>
  </datafield>
</record>