
<record>
  <leader>00742cz  a2200193n  4500</leader>
  <controlfield tag="001">193270</controlfield>
  <controlfield tag="003">DLC</controlfield>
  <controlfield tag="005">20200104073320.0</controlfield>
  <controlfield tag="008">880219n| azannaabn          |a ana      </controlfield>
  <datafield tag="010" ind1=" " ind2=" ">
    <subfield code="a">n  87836338 </subfield>
  </datafield>
  <datafield tag="035" ind1=" " ind2=" ">
    <subfield code="a">(OCoLC)oca02207852</subfield>
  </datafield>
  <datafield tag="040" ind1=" " ind2=" ">
    <subfield code="a">DLC</subfield>
    <subfield code="b">eng</subfield>
    <subfield code="e">rda</subfield>
    <subfield code="c">DLC</subfield>
    <subfield code="d">DLC</subfield>
    <subfield code="d">WaU</subfield>
  </datafield>
  <datafield tag="110" ind1="2" ind2=" ">
    <subfield code="a">Washington Athletic Club (Seattle, Wash.)</subfield>
  </datafield>
  <datafield tag="410" ind1="2" ind2=" ">
    <subfield code="a">Washington Athletic Club of Seattle</subfield>
  </datafield>
  <datafield tag="410" ind1="2" ind2=" ">
    <subfield code="a">W.A.C. (Washington Athletic Club)</subfield>
  </datafield>
  <datafield tag="670" ind1=" " ind2=" ">
    <subfield code="a">NUCMC data from Univ. Wash. Lib. for Gunn, G. Papers, 1919-1972</subfield>
    <subfield code="b">(Washington Athletic Club)</subfield>
  </datafield>
  <datafield tag="670" ind1=" " ind2=" ">
    <subfield code="a">Seattle dir., 1965</subfield>
    <subfield code="b">(Washington Athletic Club; Seattle)</subfield>
  </datafield>
  <datafield tag="670" ind1=" " ind2=" ">
    <subfield code="a">Washington Athletic Club news, March 1, 1937 :</subfield>
    <subfield code="b">masthead (Washington Athletic Club of Seattle) page 2 (W. A. C.)</subfield>
  </datafield>
  <datafield tag="953" ind1=" " ind2=" ">
    <subfield code="a">vm50</subfield>
  </datafield>
</record>