
<record>
  <leader>01633cz  a2200409n  4500</leader>
  <controlfield tag="001">204378</controlfield>
  <controlfield tag="003">DLC</controlfield>
  <controlfield tag="005">20200104073310.0</controlfield>
  <controlfield tag="008">881223nc azannaabn          |b aaa     c</controlfield>
  <datafield tag="010" ind1=" " ind2=" ">
    <subfield code="a">nr 88012828 </subfield>
  </datafield>
  <datafield tag="024" ind1="7" ind2=" ">
    <subfield code="a">0000000064108097</subfield>
    <subfield code="2">isni</subfield>
  </datafield>
  <datafield tag="035" ind1=" " ind2=" ">
    <subfield code="a">(OCoLC)oca02442053</subfield>
  </datafield>
  <datafield tag="040" ind1=" " ind2=" ">
    <subfield code="a">MiU</subfield>
    <subfield code="b">eng</subfield>
    <subfield code="e">rda</subfield>
    <subfield code="c">MiU</subfield>
    <subfield code="d">OCoLC</subfield>
    <subfield code="d">HkUST</subfield>
    <subfield code="d">IEN</subfield>
    <subfield code="d">HkJHD</subfield>
  </datafield>
  <datafield tag="046" ind1=" " ind2=" ">
    <subfield code="f">1923-09-19</subfield>
    <subfield code="g">2001</subfield>
    <subfield code="2">edtf</subfield>
  </datafield>
  <datafield tag="100" ind1="1" ind2=" ">
    <subfield code="a">Gu, Bingxin,</subfield>
    <subfield code="d">1923-2001</subfield>
  </datafield>
  <datafield tag="370" ind1=" " ind2=" ">
    <subfield code="c">China</subfield>
    <subfield code="2">naf</subfield>
  </datafield>
  <datafield tag="374" ind1=" " ind2=" ">
    <subfield code="a">Illustrators</subfield>
    <subfield code="a">Painters</subfield>
    <subfield code="2">lcsh</subfield>
  </datafield>
  <datafield tag="400" ind1="1" ind2=" ">
    <subfield code="a">Gan, Cao,</subfield>
    <subfield code="d">1923-2001</subfield>
  </datafield>
  <datafield tag="400" ind1="0" ind2=" ">
    <subfield code="a">Gancao,</subfield>
    <subfield code="d">1923-2001</subfield>
  </datafield>
  <datafield tag="400" ind1="1" ind2=" ">
    <subfield code="w">nnea</subfield>
    <subfield code="a">Gu, Bingxin,</subfield>
    <subfield code="d">1923-</subfield>
  </datafield>
  <datafield tag="400" ind1="1" ind2=" ">
    <subfield code="a">Gu, Yishen,</subfield>
    <subfield code="d">1923-2001</subfield>
  </datafield>
  <datafield tag="400" ind1="0" ind2=" ">
    <subfield code="a">Kan-tsʻao,</subfield>
    <subfield code="d">1923-2001</subfield>
  </datafield>
  <datafield tag="400" ind1="1" ind2=" ">
    <subfield code="a">Kan, Tsʻao,</subfield>
    <subfield code="d">1923-2001</subfield>
  </datafield>
  <datafield tag="400" ind1="1" ind2=" ">
    <subfield code="a">Ku, I-shen,</subfield>
    <subfield code="d">1923-2001</subfield>
  </datafield>
  <datafield tag="400" ind1="1" ind2=" ">
    <subfield code="w">nne</subfield>
    <subfield code="a">Ku, Ping-hsin,</subfield>
    <subfield code="d">1923-</subfield>
  </datafield>
  <datafield tag="400" ind1="1" ind2=" ">
    <subfield code="a">甘草,</subfield>
    <subfield code="d">1923-2001</subfield>
  </datafield>
  <datafield tag="400" ind1="1" ind2=" ">
    <subfield code="a">顧炳鑫,</subfield>
    <subfield code="d">1923-2001</subfield>
  </datafield>
  <datafield tag="400" ind1="1" ind2=" ">
    <subfield code="a">顾炳鑫,</subfield>
    <subfield code="d">1923-2001</subfield>
  </datafield>
  <datafield tag="400" ind1="1" ind2=" ">
    <subfield code="a">顾艺莘,</subfield>
    <subfield code="d">1923-2001</subfield>
  </datafield>
  <datafield tag="667" ind1=" " ind2=" ">
    <subfield code="a">Machine-derived non-Latin script reference project.</subfield>
  </datafield>
  <datafield tag="667" ind1=" " ind2=" ">
    <subfield code="a">Non-Latin script references not evaluated.</subfield>
  </datafield>
  <datafield tag="667" ind1=" " ind2=" ">
    <subfield code="a">Non-Latin script references reviewed in NACO CJK Funnel References Project.</subfield>
  </datafield>
  <datafield tag="670" ind1=" " ind2=" ">
    <subfield code="a">His Jung pao chai hua pʻu. Jen wu pu fen, 1988:</subfield>
    <subfield code="b">t.p. (顾炳鑫 = Ku Ping-hsin)</subfield>
  </datafield>
  <datafield tag="670" ind1=" " ind2=" ">
    <subfield code="a">Chung-kuo i shu chia tzʻu tien. Hsien tai, 1981- :</subfield>
    <subfield code="b">v. 2, p. 533 (顾炳鑫 = Ku Ping-hsin; b. 9/19/23; pseud. 顾艺莘 = Ku I-shen, 甘草 = Kan Tsʻao; painter)</subfield>
  </datafield>
  <datafield tag="670" ind1=" " ind2=" ">
    <subfield code="a">ISNI via VIAF, Dec. 15, 2017</subfield>
    <subfield code="b">(identifier: 0000000064108097; preferred: Gu, Bingxin 1923-2001)</subfield>
    <subfield code="u">http://www.viaf.org/processed/ISNI%7C0000000064108097</subfield>
  </datafield>
  <datafield tag="953" ind1=" " ind2=" ">
    <subfield code="a">xx00</subfield>
  </datafield>
  <datafield tag="985" ind1=" " ind2=" ">
    <subfield code="c">RLIN</subfield>
    <subfield code="e">LSPC</subfield>
  </datafield>
</record>