
<record>
  <leader>01488cz  a2200349n  4500</leader>
  <controlfield tag="001">233325</controlfield>
  <controlfield tag="003">DLC</controlfield>
  <controlfield tag="005">20200104073530.0</controlfield>
  <controlfield tag="008">890224nc azannaabn          |b aaa     c</controlfield>
  <datafield tag="010" ind1=" " ind2=" ">
    <subfield code="a">no 89002348 </subfield>
  </datafield>
  <datafield tag="035" ind1=" " ind2=" ">
    <subfield code="a">(OCoLC)oca02469545</subfield>
  </datafield>
  <datafield tag="040" ind1=" " ind2=" ">
    <subfield code="a">InU</subfield>
    <subfield code="b">eng</subfield>
    <subfield code="e">rda</subfield>
    <subfield code="c">InU</subfield>
    <subfield code="d">OCoLC</subfield>
    <subfield code="d">HkUST</subfield>
    <subfield code="d">TNJ</subfield>
    <subfield code="d">DLC</subfield>
    <subfield code="d">MH</subfield>
  </datafield>
  <datafield tag="046" ind1=" " ind2=" ">
    <subfield code="f">1638</subfield>
    <subfield code="g">1702</subfield>
  </datafield>
  <datafield tag="100" ind1="1" ind2=" ">
    <subfield code="a">Wan, Sitong,</subfield>
    <subfield code="d">1638-1702</subfield>
  </datafield>
  <datafield tag="400" ind1="1" ind2=" ">
    <subfield code="w">nne</subfield>
    <subfield code="a">Wan, Ssu-tʻung,</subfield>
    <subfield code="d">1638-1702</subfield>
  </datafield>
  <datafield tag="400" ind1="1" ind2=" ">
    <subfield code="a">萬斯同,</subfield>
    <subfield code="d">1638-1702</subfield>
  </datafield>
  <datafield tag="400" ind1="1" ind2=" ">
    <subfield code="a">万斯同,</subfield>
    <subfield code="d">1638-1702</subfield>
  </datafield>
  <datafield tag="400" ind1="1" ind2=" ">
    <subfield code="a">Wan, Jiye,</subfield>
    <subfield code="d">1638-1702</subfield>
  </datafield>
  <datafield tag="400" ind1="1" ind2=" ">
    <subfield code="a">Wan, Chi-yeh,</subfield>
    <subfield code="d">1638-1702</subfield>
  </datafield>
  <datafield tag="400" ind1="1" ind2=" ">
    <subfield code="a">萬季野,</subfield>
    <subfield code="d">1638-1702</subfield>
  </datafield>
  <datafield tag="400" ind1="0" ind2=" ">
    <subfield code="a">Shiyuanxiansheng,</subfield>
    <subfield code="d">1638-1702</subfield>
  </datafield>
  <datafield tag="400" ind1="0" ind2=" ">
    <subfield code="a">Shih-yüan-hsien-sheng,</subfield>
    <subfield code="d">1638-1702</subfield>
  </datafield>
  <datafield tag="400" ind1="0" ind2=" ">
    <subfield code="a">石園先生,</subfield>
    <subfield code="d">1638-1702</subfield>
  </datafield>
  <datafield tag="667" ind1=" " ind2=" ">
    <subfield code="a">Machine-derived non-Latin script reference project.</subfield>
  </datafield>
  <datafield tag="667" ind1=" " ind2=" ">
    <subfield code="a">Non-Latin script references not evaluated.</subfield>
  </datafield>
  <datafield tag="667" ind1=" " ind2=" ">
    <subfield code="a">Non-Latin script references reviewed in NACO CJK Funnel References Project.</subfield>
  </datafield>
  <datafield tag="670" ind1=" " ind2=" ">
    <subfield code="a">His Li tai shih piao, between 1927 and 1936:</subfield>
    <subfield code="b">caption (萬斯同 = Wan Ssu-tʻung)</subfield>
  </datafield>
  <datafield tag="670" ind1=" " ind2=" ">
    <subfield code="a">Eminent Chʻing:</subfield>
    <subfield code="b">p. 801 (萬斯同 = Wan Ssu-tʻung; t. 季野 = Chi-yeh; h. 石園先生 = Shih-yüan-hsien-sheng; b. 3/9/1638; d. 5/4/1702)</subfield>
  </datafield>
  <datafield tag="670" ind1=" " ind2=" ">
    <subfield code="a">Shiyuan wen ji, 2009:</subfield>
    <subfield code="b">t.p. (萬斯同 = Wan Sitong) t.p. verso (b. 1642 or b. 1638)</subfield>
  </datafield>
  <datafield tag="670" ind1=" " ind2=" ">
    <subfield code="a">OCLC #607915577, January 2, 2020</subfield>
    <subfield code="b">(access point: 萬斯同, 1638-1702 = Wan, Sitong, 1638-1702 ; usage: 萬斯同 = Wan Sitong)</subfield>
  </datafield>
  <datafield tag="953" ind1=" " ind2=" ">
    <subfield code="a">xx00</subfield>
  </datafield>
  <datafield tag="985" ind1=" " ind2=" ">
    <subfield code="c">OCLC</subfield>
    <subfield code="e">LSPC</subfield>
  </datafield>
</record>