
<record>
  <leader>01083cz  a2200253n  4500</leader>
  <controlfield tag="001">257010</controlfield>
  <controlfield tag="003">DLC</controlfield>
  <controlfield tag="005">20200104073314.0</controlfield>
  <controlfield tag="008">900201n| azannaabn          |a aaa      </controlfield>
  <datafield tag="010" ind1=" " ind2=" ">
    <subfield code="a">n  90607568 </subfield>
  </datafield>
  <datafield tag="016" ind1=" " ind2=" ">
    <subfield code="a">0053B2515E</subfield>
  </datafield>
  <datafield tag="035" ind1=" " ind2=" ">
    <subfield code="a">(OCoLC)oca02678706</subfield>
  </datafield>
  <datafield tag="040" ind1=" " ind2=" ">
    <subfield code="a">DLC</subfield>
    <subfield code="b">eng</subfield>
    <subfield code="e">rda</subfield>
    <subfield code="c">DLC</subfield>
    <subfield code="d">DLC</subfield>
    <subfield code="d">CaBViV</subfield>
    <subfield code="d">CaOONL</subfield>
  </datafield>
  <datafield tag="046" ind1=" " ind2=" ">
    <subfield code="f">1912</subfield>
    <subfield code="g">2004-06-28</subfield>
    <subfield code="2">edtf</subfield>
  </datafield>
  <datafield tag="100" ind1="1" ind2=" ">
    <subfield code="a">Hamilton, Alvin,</subfield>
    <subfield code="d">1912-2004</subfield>
  </datafield>
  <datafield tag="370" ind1=" " ind2=" ">
    <subfield code="c">Canada</subfield>
    <subfield code="2">naf</subfield>
  </datafield>
  <datafield tag="378" ind1=" " ind2=" ">
    <subfield code="q">Francis Alvin George</subfield>
  </datafield>
  <datafield tag="400" ind1="1" ind2=" ">
    <subfield code="a">Hanmierdun, Eerwen,</subfield>
    <subfield code="d">1912-2004</subfield>
  </datafield>
  <datafield tag="400" ind1="1" ind2=" ">
    <subfield code="a">Hamilton, Francis Alvin George,</subfield>
    <subfield code="d">1912-2004</subfield>
  </datafield>
  <datafield tag="670" ind1=" " ind2=" ">
    <subfield code="a">Kyba, P. Alvin, 1989:</subfield>
    <subfield code="b">t.p. (Hon. Alvin Hamilton, P.C.) Can CIP (Hamilton, Alvin, 1912-)</subfield>
  </datafield>
  <datafield tag="670" ind1=" " ind2=" ">
    <subfield code="a">Rang Zhongguo chong fan xi fang shi chang, 2005:</subfield>
    <subfield code="b">t.p. (Eerwen Hanmierdun) cover (Alvin Hamilton)</subfield>
  </datafield>
  <datafield tag="670" ind1=" " ind2=" ">
    <subfield code="a">Canadiana database, viewed 10 December 2019</subfield>
    <subfield code="b">(Authorized access point: Hamilton, Alvin, 1912- ; variant access point: Hamilton, Francis Alvin George, 1912- ; Honourable Alvin Hamilton, PC; Canadian; died 2004-06-28)</subfield>
  </datafield>
  <datafield tag="700" ind1="1" ind2="6">
    <subfield code="a">Hamilton, Alvin,</subfield>
    <subfield code="d">1912-</subfield>
    <subfield code="0">(CaOONL)ncf10191049</subfield>
  </datafield>
  <datafield tag="953" ind1=" " ind2=" ">
    <subfield code="a">ea07</subfield>
    <subfield code="b">yb08</subfield>
  </datafield>
</record>