
<record>
  <leader>01114cz  a2200265n  4500</leader>
  <controlfield tag="001">274781</controlfield>
  <controlfield tag="003">DLC</controlfield>
  <controlfield tag="005">20200104073254.0</controlfield>
  <controlfield tag="008">910716nc azannaabn          |b aaa      </controlfield>
  <datafield tag="010" ind1=" " ind2=" ">
    <subfield code="a">nr 91025148 </subfield>
  </datafield>
  <datafield tag="035" ind1=" " ind2=" ">
    <subfield code="a">(OCoLC)oca02985145</subfield>
  </datafield>
  <datafield tag="040" ind1=" " ind2=" ">
    <subfield code="a">DLC-R</subfield>
    <subfield code="b">eng</subfield>
    <subfield code="e">rda</subfield>
    <subfield code="c">DLC-R</subfield>
    <subfield code="d">OCoLC</subfield>
    <subfield code="d">NcD</subfield>
    <subfield code="d">OCoLC</subfield>
    <subfield code="d">InU</subfield>
    <subfield code="d">MH</subfield>
  </datafield>
  <datafield tag="046" ind1=" " ind2=" ">
    <subfield code="f">1954</subfield>
    <subfield code="2">edtf</subfield>
  </datafield>
  <datafield tag="100" ind1="1" ind2=" ">
    <subfield code="a">Tan, Xuming</subfield>
  </datafield>
  <datafield tag="400" ind1="1" ind2=" ">
    <subfield code="w">nne</subfield>
    <subfield code="a">Tʻan, Hsü-ming</subfield>
  </datafield>
  <datafield tag="400" ind1="1" ind2=" ">
    <subfield code="a">譚徐明</subfield>
  </datafield>
  <datafield tag="400" ind1="1" ind2=" ">
    <subfield code="a">谭徐明</subfield>
  </datafield>
  <datafield tag="667" ind1=" " ind2=" ">
    <subfield code="a">Machine-derived non-Latin script reference project.</subfield>
  </datafield>
  <datafield tag="667" ind1=" " ind2=" ">
    <subfield code="a">Non-Latin script references not evaluated.</subfield>
  </datafield>
  <datafield tag="667" ind1=" " ind2=" ">
    <subfield code="a">Non-Latin script references reviewed in NACO CJK Funnel References Project.</subfield>
  </datafield>
  <datafield tag="670" ind1=" " ind2=" ">
    <subfield code="a">Wang, C. Tsʻao ho tʻu chih, 1990:</subfield>
    <subfield code="b">t.p. (Tʻan Hsü-ming) introd. (of Shui li shui tien kʻo hsüeh yen chiu yüan shui li shih yen chiu shih)</subfield>
  </datafield>
  <datafield tag="670" ind1=" " ind2=" ">
    <subfield code="a">Shui li yu jiao tong zhi, 1998:</subfield>
    <subfield code="b">t.p. (Tan Xuming) prelim. p. 2 (b. 1954; grad., 1984, Shui li shui dian ke xue yan jiu yuan)</subfield>
  </datafield>
  <datafield tag="670" ind1=" " ind2=" ">
    <subfield code="a">OCLC #41387252, November 5, 2019</subfield>
    <subfield code="b">(access point: 谭徐明 = Tan, Xuming; usage: 谭徐明 = Tan Xuming)</subfield>
  </datafield>
  <datafield tag="953" ind1=" " ind2=" ">
    <subfield code="a">xx00</subfield>
  </datafield>
  <datafield tag="985" ind1=" " ind2=" ">
    <subfield code="c">RLIN</subfield>
    <subfield code="e">LSPC</subfield>
  </datafield>
</record>