
<record>
  <leader>01761cz  a2200361n  4500</leader>
  <controlfield tag="001">310034</controlfield>
  <controlfield tag="003">DLC</controlfield>
  <controlfield tag="005">20200104073513.0</controlfield>
  <controlfield tag="008">930222n| azannaabn          |a aaa      </controlfield>
  <datafield tag="010" ind1=" " ind2=" ">
    <subfield code="a">n  93016508 </subfield>
  </datafield>
  <datafield tag="016" ind1=" " ind2=" ">
    <subfield code="a">0070K9175E</subfield>
  </datafield>
  <datafield tag="035" ind1=" " ind2=" ">
    <subfield code="a">(OCoLC)oca03321774</subfield>
  </datafield>
  <datafield tag="040" ind1=" " ind2=" ">
    <subfield code="a">DLC</subfield>
    <subfield code="b">eng</subfield>
    <subfield code="e">rda</subfield>
    <subfield code="c">DLC</subfield>
    <subfield code="d">DLC</subfield>
    <subfield code="d">UPB</subfield>
    <subfield code="d">IlMpPL</subfield>
    <subfield code="d">IEN</subfield>
    <subfield code="d">ICrlF</subfield>
    <subfield code="d">DLC</subfield>
    <subfield code="d">IEN</subfield>
    <subfield code="d">CaOONL</subfield>
  </datafield>
  <datafield tag="042" ind1=" " ind2=" ">
    <subfield code="a">nlc</subfield>
  </datafield>
  <datafield tag="046" ind1=" " ind2=" ">
    <subfield code="f">1958-09-26</subfield>
    <subfield code="2">edtf</subfield>
  </datafield>
  <datafield tag="053" ind1=" " ind2="4">
    <subfield code="a">PS8565.A6587</subfield>
    <subfield code="5">CaOONL</subfield>
  </datafield>
  <datafield tag="100" ind1="1" ind2=" ">
    <subfield code="a">Harrison, Troon</subfield>
  </datafield>
  <datafield tag="370" ind1=" " ind2=" ">
    <subfield code="a">Canadian Rockies (B.C. and Alta.)</subfield>
    <subfield code="2">lcsh</subfield>
  </datafield>
  <datafield tag="370" ind1=" " ind2=" ">
    <subfield code="e">Ontario</subfield>
    <subfield code="f">Cornwall (England : County)</subfield>
    <subfield code="2">naf</subfield>
  </datafield>
  <datafield tag="374" ind1=" " ind2=" ">
    <subfield code="a">Authors</subfield>
    <subfield code="2">lcsh</subfield>
  </datafield>
  <datafield tag="375" ind1=" " ind2=" ">
    <subfield code="a">Females</subfield>
    <subfield code="2">lcdgt</subfield>
  </datafield>
  <datafield tag="377" ind1=" " ind2=" ">
    <subfield code="a">eng</subfield>
  </datafield>
  <datafield tag="378" ind1=" " ind2=" ">
    <subfield code="q">Troon P.</subfield>
  </datafield>
  <datafield tag="400" ind1="1" ind2=" ">
    <subfield code="a">Harrison, Troon,</subfield>
    <subfield code="d">1958-</subfield>
  </datafield>
  <datafield tag="400" ind1="1" ind2=" ">
    <subfield code="a">Harrison, Troon P.</subfield>
  </datafield>
  <datafield tag="500" ind1="1" ind2=" ">
    <subfield code="w">nnnc</subfield>
    <subfield code="a">Blade, Adam</subfield>
    <subfield code="0">(DLC)nr2006004721</subfield>
  </datafield>
  <datafield tag="663" ind1=" " ind2=" ">
    <subfield code="a">For works of this author written under other names, search also under:</subfield>
    <subfield code="b">Blade, Adam</subfield>
  </datafield>
  <datafield tag="670" ind1=" " ind2=" ">
    <subfield code="a">The long weekend, 1993:</subfield>
    <subfield code="b">CIP t.p. (Troon Harrison) bk. t.p. (Troon Harrison) jkt. (b. in the Canadian Rocky Mountains; grew up in Cornwall, England)</subfield>
  </datafield>
  <datafield tag="670" ind1=" " ind2=" ">
    <subfield code="a">A cat in the stable, 2001:</subfield>
    <subfield code="b">CIP t.p. (Troon Harrison) data sheet (b. Sept. 26, 1958)</subfield>
  </datafield>
  <datafield tag="670" ind1=" " ind2=" ">
    <subfield code="a">Horse road, c2011:</subfield>
    <subfield code="b">p. [3] of jkt. (Troon Harrison now lives in Ontario, Canada.)</subfield>
  </datafield>
  <datafield tag="670" ind1=" " ind2=" ">
    <subfield code="a">ISFDB website, Feb. 4, 2015</subfield>
    <subfield code="b">(Author: Troon Harrison ; ISFDB Author Record # 36430 ; Birthplace: British Columbia, Canada ; Birthdate: 1958 ; Language: English ; Webpages: SFE3, troonharrison.com ; Used These Alternate Names: Adam Blade ; Author Tags: juvenile fantasy (5), young-adult sf (1))</subfield>
  </datafield>
  <datafield tag="670" ind1=" " ind2=" ">
    <subfield code="a">The birdman, 2018:</subfield>
    <subfield code="b">title page (Troon Harrison)</subfield>
  </datafield>
  <datafield tag="670" ind1=" " ind2=" ">
    <subfield code="a">Canadiana, January 3, 2020</subfield>
    <subfield code="b">(access point: Harrison, Troon, 1958-; variants: Harrison, Troon P.; Adams, Troon Harrison)</subfield>
  </datafield>
</record>