
<record>
  <leader>00982cz  a2200205n  4500</leader>
  <controlfield tag="001">396340</controlfield>
  <controlfield tag="003">DLC</controlfield>
  <controlfield tag="005">20200104073440.0</controlfield>
  <controlfield tag="008">970605n| azannaabn          |a ana     c</controlfield>
  <datafield tag="010" ind1=" " ind2=" ">
    <subfield code="a">nr 97020508 </subfield>
  </datafield>
  <datafield tag="035" ind1=" " ind2=" ">
    <subfield code="a">(OCoLC)oca04367481</subfield>
  </datafield>
  <datafield tag="040" ind1=" " ind2=" ">
    <subfield code="a">NjP</subfield>
    <subfield code="b">eng</subfield>
    <subfield code="e">rda</subfield>
    <subfield code="c">NjP</subfield>
    <subfield code="d">DLC</subfield>
    <subfield code="d">OO</subfield>
  </datafield>
  <datafield tag="046" ind1=" " ind2=" ">
    <subfield code="s">1990</subfield>
    <subfield code="2">edtf</subfield>
  </datafield>
  <datafield tag="110" ind1="2" ind2=" ">
    <subfield code="a">Enigma (Musical group)</subfield>
  </datafield>
  <datafield tag="500" ind1="1" ind2=" ">
    <subfield code="w">r</subfield>
    <subfield code="i">Member:</subfield>
    <subfield code="a">Cornelius</subfield>
  </datafield>
  <datafield tag="670" ind1=" " ind2=" ">
    <subfield code="a">MCMXC a.D., p1992:</subfield>
    <subfield code="b">label (Enigma)</subfield>
  </datafield>
  <datafield tag="670" ind1=" " ind2=" ">
    <subfield code="a">Wikipedia, May 8, 2018</subfield>
    <subfield code="b">(Enigma; musical project founded in 1990 by Romanian-German musician and producer Michael Cretu; genres: worldbeat, New Age, downtempo, electronica, ambient, experimental; years active: 1990-present)</subfield>
    <subfield code="u">https://en.wikipedia.org/wiki/Enigma_(German_band)</subfield>
  </datafield>
  <datafield tag="670" ind1=" " ind2=" ">
    <subfield code="a">Wikipedia, viewed October 16, 2019</subfield>
    <subfield code="b">(Peter Cornelius (born 29 January 1951 in Vienna, Austria) is an Austrian pop-singer, guitarist and a former member of Enigma)</subfield>
    <subfield code="u">https://en.wikipedia.org/wiki/Peter_Cornelius_(musician)</subfield>
  </datafield>
  <datafield tag="953" ind1=" " ind2=" ">
    <subfield code="a">xx00</subfield>
  </datafield>
  <datafield tag="985" ind1=" " ind2=" ">
    <subfield code="c">RLG</subfield>
    <subfield code="e">LSPC</subfield>
  </datafield>
</record>