
<record>
  <leader>00602cz  a2200181n  4500</leader>
  <controlfield tag="001">443567</controlfield>
  <controlfield tag="003">DLC</controlfield>
  <controlfield tag="005">20200104073424.0</controlfield>
  <controlfield tag="008">980513n| azannaabn          |a aaa     c</controlfield>
  <datafield tag="010" ind1=" " ind2=" ">
    <subfield code="a">no 98085038 </subfield>
  </datafield>
  <datafield tag="035" ind1=" " ind2=" ">
    <subfield code="a">(OCoLC)oca04728106</subfield>
  </datafield>
  <datafield tag="040" ind1=" " ind2=" ">
    <subfield code="a">NNC</subfield>
    <subfield code="b">eng</subfield>
    <subfield code="e">rda</subfield>
    <subfield code="c">NNC</subfield>
    <subfield code="d">WU</subfield>
  </datafield>
  <datafield tag="046" ind1=" " ind2=" ">
    <subfield code="k">1998</subfield>
    <subfield code="2">edtf</subfield>
  </datafield>
  <datafield tag="100" ind1="1" ind2=" ">
    <subfield code="a">Teli︠a︡kovskiĭ, V. A.</subfield>
    <subfield code="q">(Vladimir Arkadʹevich),</subfield>
    <subfield code="d">1860-1924.</subfield>
    <subfield code="t">Diaries</subfield>
  </datafield>
  <datafield tag="400" ind1="1" ind2=" ">
    <subfield code="a">Teli︠a︡kovskiĭ, V. A.</subfield>
    <subfield code="q">(Vladimir Arkadʹevich),</subfield>
    <subfield code="d">1860-1924.</subfield>
    <subfield code="t">Dnevniki Direktora Imperatorskikh teatrov</subfield>
  </datafield>
  <datafield tag="670" ind1=" " ind2=" ">
    <subfield code="a">Dnevniki Direktora Imperatorskikh teatrov, 1998.</subfield>
  </datafield>
  <datafield tag="953" ind1=" " ind2=" ">
    <subfield code="a">xx00</subfield>
  </datafield>
  <datafield tag="985" ind1=" " ind2=" ">
    <subfield code="c">OCLC</subfield>
    <subfield code="e">LSPC</subfield>
  </datafield>
</record>