
<record>
  <leader>01476cz  a2200349n  4500</leader>
  <controlfield tag="001">453303</controlfield>
  <controlfield tag="003">DLC</controlfield>
  <controlfield tag="005">20200104073429.0</controlfield>
  <controlfield tag="008">990112nc azannaabn          |b aaa      </controlfield>
  <datafield tag="010" ind1=" " ind2=" ">
    <subfield code="a">n  99002678 </subfield>
  </datafield>
  <datafield tag="035" ind1=" " ind2=" ">
    <subfield code="a">(OCoLC)oca04896172</subfield>
  </datafield>
  <datafield tag="040" ind1=" " ind2=" ">
    <subfield code="a">DLC</subfield>
    <subfield code="b">eng</subfield>
    <subfield code="e">rda</subfield>
    <subfield code="c">DLC</subfield>
    <subfield code="d">OCoLC</subfield>
    <subfield code="d">CtY</subfield>
    <subfield code="d">MH</subfield>
  </datafield>
  <datafield tag="046" ind1=" " ind2=" ">
    <subfield code="f">1857</subfield>
    <subfield code="g">1917</subfield>
  </datafield>
  <datafield tag="100" ind1="1" ind2=" ">
    <subfield code="a">Tang, Shouqian,</subfield>
    <subfield code="d">1857-1917</subfield>
  </datafield>
  <datafield tag="370" ind1=" " ind2=" ">
    <subfield code="f">Xiaoshan Xian (China)</subfield>
    <subfield code="2">naf</subfield>
  </datafield>
  <datafield tag="377" ind1=" " ind2=" ">
    <subfield code="a">chi</subfield>
  </datafield>
  <datafield tag="400" ind1="1" ind2=" ">
    <subfield code="w">nne</subfield>
    <subfield code="a">Tʻang, Shou-chʻien,</subfield>
    <subfield code="d">1857-1917</subfield>
  </datafield>
  <datafield tag="400" ind1="1" ind2=" ">
    <subfield code="a">Tang, Zhen,</subfield>
    <subfield code="d">1857-1917</subfield>
  </datafield>
  <datafield tag="400" ind1="1" ind2=" ">
    <subfield code="a">Tang, Zhexian,</subfield>
    <subfield code="d">1857-1917</subfield>
  </datafield>
  <datafield tag="400" ind1="1" ind2=" ">
    <subfield code="a">汤寿潜,</subfield>
    <subfield code="d">1857-1917</subfield>
  </datafield>
  <datafield tag="400" ind1="1" ind2=" ">
    <subfield code="a">湯壽潛,</subfield>
    <subfield code="d">1857-1917</subfield>
  </datafield>
  <datafield tag="400" ind1="1" ind2=" ">
    <subfield code="a">湯壽濳,</subfield>
    <subfield code="d">1857-1917</subfield>
  </datafield>
  <datafield tag="400" ind1="1" ind2=" ">
    <subfield code="a">湯震,</subfield>
    <subfield code="d">1856-1917</subfield>
  </datafield>
  <datafield tag="400" ind1="1" ind2=" ">
    <subfield code="a">湯蟄仙,</subfield>
    <subfield code="d">1856-1917</subfield>
  </datafield>
  <datafield tag="667" ind1=" " ind2=" ">
    <subfield code="a">Machine-derived non-Latin script reference project.</subfield>
  </datafield>
  <datafield tag="667" ind1=" " ind2=" ">
    <subfield code="a">Non-Latin script references not evaluated.</subfield>
  </datafield>
  <datafield tag="667" ind1=" " ind2=" ">
    <subfield code="a">Non-Latin script references reviewed in NACO CJK Funnel References Project.</subfield>
  </datafield>
  <datafield tag="670" ind1=" " ind2=" ">
    <subfield code="a">Chi Hsiao-lan shih wen chi, 1997:</subfield>
    <subfield code="b">orig. t.p. (Tʻang Shou-chʻien)</subfield>
  </datafield>
  <datafield tag="670" ind1=" " ind2=" ">
    <subfield code="a">LC manual auth. cd.</subfield>
    <subfield code="b">(hdg.: Tʻang, Shou-chʻien, 1857-1917)</subfield>
  </datafield>
  <datafield tag="670" ind1=" " ind2=" ">
    <subfield code="a">Wei yan san zhong, 2013:</subfield>
    <subfield code="b">t.p. (湯震 = Tang Zhen) p. 7 of group 1 (b. 1856; d. 1917; native of Shanyin, Zhejiang; name changed to: 壽潛 = Shouqian; courtesy name: 蟄仙 = Zhexian; work list)</subfield>
  </datafield>
  <datafield tag="670" ind1=" " ind2=" ">
    <subfield code="a">OCLC #32041465, November 19, 2019</subfield>
    <subfield code="b">(access point: 湯壽潛, 1857-1917 = Tang, Shouqian, 1857-1917; usage: 湯壽潛 = Tang Shouqian)</subfield>
  </datafield>
  <datafield tag="953" ind1=" " ind2=" ">
    <subfield code="a">yb03</subfield>
  </datafield>
</record>