
<record>
  <leader>01281cz  a2200253n  4500</leader>
  <controlfield tag="001">470898</controlfield>
  <controlfield tag="003">DLC</controlfield>
  <controlfield tag="005">20200104073346.0</controlfield>
  <controlfield tag="008">800508n| azannaabn          |n aaa      </controlfield>
  <datafield tag="010" ind1=" " ind2=" ">
    <subfield code="a">n  50022685 </subfield>
  </datafield>
  <datafield tag="035" ind1=" " ind2=" ">
    <subfield code="a">(OCoLC)oca00058102</subfield>
  </datafield>
  <datafield tag="040" ind1=" " ind2=" ">
    <subfield code="a">DLC</subfield>
    <subfield code="b">eng</subfield>
    <subfield code="e">rda</subfield>
    <subfield code="c">DLC</subfield>
    <subfield code="d">CSt</subfield>
    <subfield code="d">DLC</subfield>
    <subfield code="d">CaBViV</subfield>
    <subfield code="d">OkU</subfield>
  </datafield>
  <datafield tag="046" ind1=" " ind2=" ">
    <subfield code="f">1935-02-17</subfield>
    <subfield code="g">1989-11-23</subfield>
    <subfield code="2">edtf</subfield>
  </datafield>
  <datafield tag="100" ind1="1" ind2=" ">
    <subfield code="a">Rubin, Michael,</subfield>
    <subfield code="d">1935-1989</subfield>
  </datafield>
  <datafield tag="667" ind1=" " ind2=" ">
    <subfield code="a">Also formerly on undifferentiated name record n 2005066572 (Rubin, Michael)</subfield>
  </datafield>
  <datafield tag="670" ind1=" " ind2=" ">
    <subfield code="a">His A trip into town, 1961.</subfield>
  </datafield>
  <datafield tag="670" ind1=" " ind2=" ">
    <subfield code="a">Information from 678 converted Dec. 11, 2014</subfield>
    <subfield code="b">(b. 1935)</subfield>
  </datafield>
  <datafield tag="670" ind1=" " ind2=" ">
    <subfield code="a">LCCN 74024752: His Unfinished business, 1975</subfield>
    <subfield code="b">(usage: Michael Rubin)</subfield>
  </datafield>
  <datafield tag="670" ind1=" " ind2=" ">
    <subfield code="a">San Francisco stories, ©1979:</subfield>
    <subfield code="b">contents (Our Lerman / Michael Rubin) page 19 (Michael Rubin; author of five novels, of which the latest is Unfinished Business; his stories have appeared in the Antioch Review and the Kenyon Review)</subfield>
  </datafield>
  <datafield tag="670" ind1=" " ind2=" ">
    <subfield code="a">Contemporary authors, volumes 1-4, first revision, 1967:</subfield>
    <subfield code="b">(Michael Rubin, b. Feb. 17, 1935)</subfield>
  </datafield>
  <datafield tag="670" ind1=" " ind2=" ">
    <subfield code="a">Annandale online, Jan. 3, 2020:</subfield>
    <subfield code="b">(Michael Rubin &apos;56, alumnus of Bard College, 1935-1989)</subfield>
  </datafield>
  <datafield tag="670" ind1=" " ind2=" ">
    <subfield code="a">FamilySearch, Jan. 3, 2010:</subfield>
    <subfield code="b">California Death Index, 1940-1997 (Michael Rubin, b. Feb. 17, 1935; d. Nov. 23, 1989)</subfield>
  </datafield>
  <datafield tag="952" ind1=" " ind2=" ">
    <subfield code="a">RETRO</subfield>
  </datafield>
  <datafield tag="953" ind1=" " ind2=" ">
    <subfield code="a">xx00</subfield>
  </datafield>
</record>