
<record>
  <leader>02913cz  a2200721n  4500</leader>
  <controlfield tag="001">490951</controlfield>
  <controlfield tag="003">DLC</controlfield>
  <controlfield tag="005">20200104073352.0</controlfield>
  <controlfield tag="008">790423n| azannaabn          |b aaa      </controlfield>
  <datafield tag="010" ind1=" " ind2=" ">
    <subfield code="a">n  79029745 </subfield>
  </datafield>
  <datafield tag="016" ind1=" " ind2=" ">
    <subfield code="a">0016F9301E</subfield>
  </datafield>
  <datafield tag="035" ind1=" " ind2=" ">
    <subfield code="a">(OCoLC)oca00263409</subfield>
  </datafield>
  <datafield tag="040" ind1=" " ind2=" ">
    <subfield code="a">DLC</subfield>
    <subfield code="b">eng</subfield>
    <subfield code="e">rda</subfield>
    <subfield code="c">DLC</subfield>
    <subfield code="d">DLC</subfield>
    <subfield code="d">NIC</subfield>
    <subfield code="d">DLC</subfield>
    <subfield code="d">OCl</subfield>
    <subfield code="d">DLC</subfield>
    <subfield code="d">OCoLC</subfield>
    <subfield code="d">UPB</subfield>
    <subfield code="d">DLC</subfield>
    <subfield code="d">InU</subfield>
    <subfield code="d">WaU</subfield>
    <subfield code="d">UPB</subfield>
    <subfield code="d">CaOONL</subfield>
  </datafield>
  <datafield tag="042" ind1=" " ind2=" ">
    <subfield code="a">nlc</subfield>
  </datafield>
  <datafield tag="046" ind1=" " ind2=" ">
    <subfield code="f">1809-01-19</subfield>
    <subfield code="g">1849-10-07</subfield>
    <subfield code="2">edtf</subfield>
  </datafield>
  <datafield tag="053" ind1=" " ind2="0">
    <subfield code="a">PS2600</subfield>
    <subfield code="b">PS2648</subfield>
  </datafield>
  <datafield tag="100" ind1="1" ind2=" ">
    <subfield code="a">Poe, Edgar Allan,</subfield>
    <subfield code="d">1809-1849</subfield>
  </datafield>
  <datafield tag="368" ind1=" " ind2=" ">
    <subfield code="c">Americans</subfield>
    <subfield code="2">lcdgt</subfield>
  </datafield>
  <datafield tag="370" ind1=" " ind2=" ">
    <subfield code="a">Boston (Mass.)</subfield>
    <subfield code="b">Baltimore (Md.)</subfield>
    <subfield code="c">United States</subfield>
    <subfield code="2">naf</subfield>
  </datafield>
  <datafield tag="374" ind1=" " ind2=" ">
    <subfield code="a">Authors</subfield>
    <subfield code="a">Soldiers</subfield>
    <subfield code="a">Poets</subfield>
    <subfield code="2">lcsh</subfield>
  </datafield>
  <datafield tag="375" ind1=" " ind2=" ">
    <subfield code="a">Males</subfield>
    <subfield code="2">lcdgt</subfield>
  </datafield>
  <datafield tag="377" ind1=" " ind2=" ">
    <subfield code="a">eng</subfield>
  </datafield>
  <datafield tag="400" ind1="1" ind2=" ">
    <subfield code="a">Po, Edgar,</subfield>
    <subfield code="d">1809-1849</subfield>
  </datafield>
  <datafield tag="400" ind1="1" ind2=" ">
    <subfield code="a">Boy, Ētkar,</subfield>
    <subfield code="d">1809-1849</subfield>
  </datafield>
  <datafield tag="400" ind1="1" ind2=" ">
    <subfield code="a">Poe, E. A.</subfield>
    <subfield code="q">(Edgar Allan),</subfield>
    <subfield code="d">1809-1849</subfield>
  </datafield>
  <datafield tag="400" ind1="1" ind2=" ">
    <subfield code="a">Poë, Edgard,</subfield>
    <subfield code="d">1809-1849</subfield>
  </datafield>
  <datafield tag="400" ind1="1" ind2=" ">
    <subfield code="a">Pui, ʼAggā ʼAyʻlaṅʻ,</subfield>
    <subfield code="d">1809-1849</subfield>
  </datafield>
  <datafield tag="400" ind1="1" ind2=" ">
    <subfield code="a">Pō, Eḍgār Ālen,</subfield>
    <subfield code="d">1809-1849</subfield>
  </datafield>
  <datafield tag="400" ind1="1" ind2=" ">
    <subfield code="a">Po, Edhar,</subfield>
    <subfield code="d">1809-1849</subfield>
  </datafield>
  <datafield tag="400" ind1="1" ind2=" ">
    <subfield code="a">Poe, Edgar Allen,</subfield>
    <subfield code="d">1809-1849</subfield>
  </datafield>
  <datafield tag="400" ind1="1" ind2=" ">
    <subfield code="a">Perry, Edgar A.,</subfield>
    <subfield code="d">1809-1849</subfield>
  </datafield>
  <datafield tag="400" ind1="1" ind2=" ">
    <subfield code="a">По, Эдгар Аллан,</subfield>
    <subfield code="d">1809-1849</subfield>
  </datafield>
  <datafield tag="400" ind1="1" ind2=" ">
    <subfield code="a">По, Эдгар,</subfield>
    <subfield code="d">1809-1849</subfield>
  </datafield>
  <datafield tag="400" ind1="1" ind2=" ">
    <subfield code="a">פאו, עדגאר עלען</subfield>
  </datafield>
  <datafield tag="400" ind1="1" ind2=" ">
    <subfield code="a">פאו, עדגאר עלען,</subfield>
    <subfield code="d">1809-1849</subfield>
  </datafield>
  <datafield tag="400" ind1="1" ind2=" ">
    <subfield code="a">פא, אדגאר אלאן</subfield>
  </datafield>
  <datafield tag="400" ind1="1" ind2=" ">
    <subfield code="a">פא, עדגאר</subfield>
  </datafield>
  <datafield tag="400" ind1="1" ind2=" ">
    <subfield code="a">פא, עדגאר עלען,</subfield>
    <subfield code="d">1809־1849</subfield>
  </datafield>
  <datafield tag="400" ind1="1" ind2=" ">
    <subfield code="a">פו, אדגר</subfield>
  </datafield>
  <datafield tag="400" ind1="1" ind2=" ">
    <subfield code="a">פו, אדגר אלן</subfield>
  </datafield>
  <datafield tag="400" ind1="1" ind2=" ">
    <subfield code="a">פו, אדגר אלן,</subfield>
    <subfield code="d">1809־1849</subfield>
  </datafield>
  <datafield tag="400" ind1="1" ind2=" ">
    <subfield code="a">פו, אדגר אלן,</subfield>
    <subfield code="d">1849־1809</subfield>
  </datafield>
  <datafield tag="400" ind1="1" ind2=" ">
    <subfield code="a">アランポオ,</subfield>
    <subfield code="d">1809-1849</subfield>
  </datafield>
  <datafield tag="400" ind1="1" ind2=" ">
    <subfield code="a">愛倫坡,</subfield>
    <subfield code="d">1809-1849</subfield>
  </datafield>
  <datafield tag="400" ind1="1" ind2=" ">
    <subfield code="a">Po, Ailun,</subfield>
    <subfield code="d">1809-1849</subfield>
  </datafield>
  <datafield tag="400" ind1="0" ind2=" ">
    <subfield code="a">Quarles,</subfield>
    <subfield code="d">1809-1849</subfield>
  </datafield>
  <datafield tag="667" ind1=" " ind2=" ">
    <subfield code="a">Machine-derived non-Latin script reference project.</subfield>
  </datafield>
  <datafield tag="667" ind1=" " ind2=" ">
    <subfield code="a">Non-Latin script references not evaluated.</subfield>
  </datafield>
  <datafield tag="670" ind1=" " ind2=" ">
    <subfield code="a">His Poems and tales ... 1902.</subfield>
  </datafield>
  <datafield tag="670" ind1=" " ind2=" ">
    <subfield code="a">His Anastatic printing, 1972:</subfield>
    <subfield code="b">t.p. (E.A. Poe)</subfield>
  </datafield>
  <datafield tag="670" ind1=" " ind2=" ">
    <subfield code="a">Milhaud, D. Les cloches, c1960:</subfield>
    <subfield code="b">t.p. (Edgard Poë)</subfield>
  </datafield>
  <datafield tag="670" ind1=" " ind2=" ">
    <subfield code="a">Lyhuiʹ vhakʻ sai phui, 195-?:</subfield>
    <subfield code="b">t.p. (ʼAggā ʼAyʻlaṅʻ Pui)</subfield>
  </datafield>
  <datafield tag="670" ind1=" " ind2=" ">
    <subfield code="a">Suvarṇa kīṭa, 1947:</subfield>
    <subfield code="b">t.p. (Eḍgār Āllen Pō)</subfield>
  </datafield>
  <datafield tag="670" ind1=" " ind2=" ">
    <subfield code="a">Kruk, 2000:</subfield>
    <subfield code="b">t.p. (Edhar Po)</subfield>
  </datafield>
  <datafield tag="670" ind1=" " ind2=" ">
    <subfield code="a">The raven, 1883:</subfield>
    <subfield code="b">t.p. (Edgar Allen Poe )</subfield>
  </datafield>
  <datafield tag="670" ind1=" " ind2=" ">
    <subfield code="a">Private Perry and Mister Poe, c2005:</subfield>
    <subfield code="b">pref. (Edgar A. Perry; pseudonym name used by Edgar Allan Poe when enlisting into the Army)</subfield>
  </datafield>
  <datafield tag="670" ind1=" " ind2=" ">
    <subfield code="a">Wikipedia, 17 December 2010</subfield>
    <subfield code="b">(born January 19, 1809 in Boston, Massachusetts; died October 7, 1849 in Baltimore)</subfield>
  </datafield>
  <datafield tag="670" ind1=" " ind2=" ">
    <subfield code="a">The raven, 1902:</subfield>
    <subfield code="b">title page (Quarles)</subfield>
  </datafield>
  <datafield tag="670" ind1=" " ind2=" ">
    <subfield code="a">Ailun Po gu shi ji, 1949:</subfield>
    <subfield code="b">title page (愛倫坡 = Ailun Po)</subfield>
  </datafield>
  <datafield tag="670" ind1=" " ind2=" ">
    <subfield code="a">Canadiana, January 3, 2020</subfield>
    <subfield code="b">(access point: Poe, Edgar Allan, 1809-1849)</subfield>
  </datafield>
  <datafield tag="700" ind1="1" ind2="6">
    <subfield code="a">Poe, Edgar Allan,</subfield>
    <subfield code="d">1809-1849</subfield>
    <subfield code="0">(CaOONL)ncf10001901</subfield>
  </datafield>
  <datafield tag="952" ind1=" " ind2=" ">
    <subfield code="a">RETRO</subfield>
  </datafield>
  <datafield tag="953" ind1=" " ind2=" ">
    <subfield code="a">wd22</subfield>
    <subfield code="b">lk50</subfield>
  </datafield>
</record>