
<record>
  <leader>01336cz  a2200277n  4500</leader>
  <controlfield tag="001">492582</controlfield>
  <controlfield tag="003">DLC</controlfield>
  <controlfield tag="005">20200104073352.0</controlfield>
  <controlfield tag="008">790703n| azannaabn          |a aaa      </controlfield>
  <datafield tag="010" ind1=" " ind2=" ">
    <subfield code="a">n  79046625 </subfield>
  </datafield>
  <datafield tag="035" ind1=" " ind2=" ">
    <subfield code="a">(OCoLC)oca00279989</subfield>
  </datafield>
  <datafield tag="040" ind1=" " ind2=" ">
    <subfield code="a">DLC</subfield>
    <subfield code="b">eng</subfield>
    <subfield code="e">rda</subfield>
    <subfield code="c">DLC</subfield>
    <subfield code="d">DLC</subfield>
    <subfield code="d">OCoLC</subfield>
    <subfield code="d">IEN</subfield>
    <subfield code="d">NNC</subfield>
  </datafield>
  <datafield tag="046" ind1=" " ind2=" ">
    <subfield code="f">1925-12-20</subfield>
    <subfield code="2">edtf</subfield>
  </datafield>
  <datafield tag="100" ind1="1" ind2=" ">
    <subfield code="a">Bohigas, Oriol</subfield>
  </datafield>
  <datafield tag="370" ind1=" " ind2=" ">
    <subfield code="a">Barcelona (Spain)</subfield>
    <subfield code="2">naf</subfield>
  </datafield>
  <datafield tag="374" ind1=" " ind2=" ">
    <subfield code="a">Architects</subfield>
    <subfield code="a">City planners</subfield>
    <subfield code="2">lcsh</subfield>
  </datafield>
  <datafield tag="400" ind1="1" ind2=" ">
    <subfield code="a">Bohigas Guardiola, Oriol</subfield>
  </datafield>
  <datafield tag="400" ind1="1" ind2=" ">
    <subfield code="a">Guardiola, Oriol Bohigas</subfield>
  </datafield>
  <datafield tag="400" ind1="1" ind2=" ">
    <subfield code="a">Bohigas</subfield>
  </datafield>
  <datafield tag="670" ind1=" " ind2=" ">
    <subfield code="a">His Tres ensayos polémicos sobre la pintura de Todó, 1961.</subfield>
  </datafield>
  <datafield tag="670" ind1=" " ind2=" ">
    <subfield code="a">Martorell-Bohigas-Mackay, D.L. 1979 (subj.)</subfield>
    <subfield code="b">t.p. (Bohigas) p. 7 (Oriol Bohigas Guardiola)</subfield>
  </datafield>
  <datafield tag="670" ind1=" " ind2=" ">
    <subfield code="a">Martinez, A. Martorell, Bohigas, Mackay, c1985:</subfield>
    <subfield code="b">p. 145 (b. 1925)</subfield>
  </datafield>
  <datafield tag="670" ind1=" " ind2=" ">
    <subfield code="a">Info. converted from 678, 2012-10-02</subfield>
    <subfield code="b">(b. 1925)</subfield>
  </datafield>
  <datafield tag="670" ind1=" " ind2=" ">
    <subfield code="a">Wikipedia WWW site, viewed Jan. 3, 2020:</subfield>
    <subfield code="b">article web page (Oriol Bohigas i Guardiola; born in Barcelona, 20 December 1925; Spanish architect and urban planner; one of the founder members of Grup R (1953-1963); was head of the School of Architecture ETSAB (1977-1980); regular contributor of vauious newspapers and magazines; has published among other books, &quot;Barcelona Entre el Plà Cerdà i el Barraquisme (1963))</subfield>
  </datafield>
  <datafield tag="952" ind1=" " ind2=" ">
    <subfield code="a">RETRO</subfield>
  </datafield>
  <datafield tag="953" ind1=" " ind2=" ">
    <subfield code="a">xx00</subfield>
    <subfield code="b">jh26</subfield>
  </datafield>
</record>