
<record>
  <leader>03023cz  a2200397n  4500</leader>
  <controlfield tag="001">494156</controlfield>
  <controlfield tag="003">DLC</controlfield>
  <controlfield tag="005">20200104073352.0</controlfield>
  <controlfield tag="008">790801n| azannaabn          |a aaa      </controlfield>
  <datafield tag="010" ind1=" " ind2=" ">
    <subfield code="a">n  79063105 </subfield>
  </datafield>
  <datafield tag="035" ind1=" " ind2=" ">
    <subfield code="a">(Uk)000376319</subfield>
  </datafield>
  <datafield tag="035" ind1=" " ind2=" ">
    <subfield code="a">(OCoLC)oca00296056</subfield>
  </datafield>
  <datafield tag="040" ind1=" " ind2=" ">
    <subfield code="a">DLC</subfield>
    <subfield code="b">eng</subfield>
    <subfield code="e">rda</subfield>
    <subfield code="c">DLC</subfield>
    <subfield code="d">DLC</subfield>
    <subfield code="d">OCoLC</subfield>
    <subfield code="d">DLC</subfield>
    <subfield code="d">SaPrUSA</subfield>
    <subfield code="d">OU</subfield>
    <subfield code="d">Uk</subfield>
    <subfield code="d">UkOxU</subfield>
  </datafield>
  <datafield tag="046" ind1=" " ind2=" ">
    <subfield code="f">1918-08-11</subfield>
    <subfield code="g">1993</subfield>
    <subfield code="2">edtf</subfield>
  </datafield>
  <datafield tag="053" ind1=" " ind2="0">
    <subfield code="a">PR9199.3.M325</subfield>
  </datafield>
  <datafield tag="100" ind1="1" ind2=" ">
    <subfield code="a">MacKenzie, Donald,</subfield>
    <subfield code="d">1918-1993</subfield>
  </datafield>
  <datafield tag="370" ind1=" " ind2=" ">
    <subfield code="a">Toronto (Ont.)</subfield>
    <subfield code="c">Canada</subfield>
    <subfield code="2">naf</subfield>
  </datafield>
  <datafield tag="372" ind1=" " ind2=" ">
    <subfield code="a">Detective and mystery fiction</subfield>
    <subfield code="2">lcgft</subfield>
  </datafield>
  <datafield tag="374" ind1=" " ind2=" ">
    <subfield code="a">Authors</subfield>
    <subfield code="2">lcsh</subfield>
  </datafield>
  <datafield tag="375" ind1=" " ind2=" ">
    <subfield code="a">Males</subfield>
    <subfield code="2">lcdgt</subfield>
  </datafield>
  <datafield tag="377" ind1=" " ind2=" ">
    <subfield code="a">eng</subfield>
  </datafield>
  <datafield tag="400" ind1="1" ind2=" ">
    <subfield code="w">nnaa</subfield>
    <subfield code="a">MacKenzie, Donald,</subfield>
    <subfield code="d">1908-</subfield>
  </datafield>
  <datafield tag="670" ind1=" " ind2=" ">
    <subfield code="a">His Occupation: thief, 1955.</subfield>
  </datafield>
  <datafield tag="670" ind1=" " ind2=" ">
    <subfield code="a">Contemp. authors</subfield>
    <subfield code="b">(MacKenzie, Donald; b. 8/11/18)</subfield>
  </datafield>
  <datafield tag="670" ind1=" " ind2=" ">
    <subfield code="a">Int&apos;l authors &amp; writers WW, 1982</subfield>
    <subfield code="b">(MacKenzie, Donald; b. 8/11/18)</subfield>
  </datafield>
  <datafield tag="670" ind1=" " ind2=" ">
    <subfield code="a">Writers dir., 1984/86</subfield>
    <subfield code="b">(MacKenzie, Donald; b. 1918)</subfield>
  </datafield>
  <datafield tag="670" ind1=" " ind2=" ">
    <subfield code="a">BGMI, June 27, 2002</subfield>
    <subfield code="b">(Donald MacKenzie; 1918-1993)</subfield>
  </datafield>
  <datafield tag="670" ind1=" " ind2=" ">
    <subfield code="a">Wikidata via Wikipedia, November 6, 2019</subfield>
    <subfield code="b">(alias: Donald MacKenzie, Дональд МакКензи; instance of: human; sex or gender: male; IMDb identifier: nm0533290; given name: Donald; country of citizenship: Canada; date of birth: +1918-08-11T00:00:00Z; date of death: +1993-00-00T00:00:00Z; place of birth: Toronto; languages spoken or published: British English; occupation: detective writer; VIAF identifier: 110832738; GND identifier: 128691816; LCAuth identifier: n79063105; BnF identifier: 119138093; BIBSYS identifier: 10032103; CANTIC: a10953140; ISNI (P213): 0000000081769620; NTA identifier (Netherlands): 072504951; FAST-ID: 37046; NKC identifier: xx0040153; BNB person ID (P5361): MacKenzieDonald1918-; surname: Mackenzie; description/label: Canadees schrijver van misdaadromans , Canadian crime writer, escritor de ficción de detectives canadianu , kanadischer Kriminalautor, كاتب جريمة كندي)</subfield>
    <subfield code="u">http://www.wikidata.org/entity/Q16028179</subfield>
  </datafield>
  <datafield tag="670" ind1=" " ind2=" ">
    <subfield code="a">Wikipedia (in French), viewed January 3, 2020</subfield>
    <subfield code="b">(Donald MacKenzie (écrivain canadien); born August 11, 1918 in Toronto; died 1993; he is the author of Canadian detective novels; after studying in England, Canada and Switzerland he was a playboy and professional thief, and then a writer from 1948; he became interested in writing while serving a prison sentence and began a real literary career in 1955 with the publication of two autobiographies: Occupation: thief, and Gentlemen at crime; he then launched into roman noir)</subfield>
  </datafield>
  <datafield tag="670" ind1=" " ind2=" ">
    <subfield code="a">Fantastic Fiction WWW site, viewed January 3, 2020</subfield>
    <subfield code="b">(Donald MacKenzie; genres: mystery; works include the series Henry Chalice Mystery and John Raven Mystery; novels include Dangerous silence, The lonely side of the river, Postscript to a dead letter; non-fiction includes Gentlemen at crime)</subfield>
  </datafield>
  <datafield tag="672" ind1=" " ind2="0">
    <subfield code="a">Dangerous silence</subfield>
  </datafield>
  <datafield tag="672" ind1=" " ind2="4">
    <subfield code="a">The lonely side of the river</subfield>
  </datafield>
  <datafield tag="672" ind1=" " ind2="0">
    <subfield code="a">Postscript to a dead letter</subfield>
  </datafield>
  <datafield tag="672" ind1=" " ind2="0">
    <subfield code="a">Gentlemen at crime</subfield>
  </datafield>
  <datafield tag="952" ind1=" " ind2=" ">
    <subfield code="a">RETRO</subfield>
  </datafield>
  <datafield tag="953" ind1=" " ind2=" ">
    <subfield code="a">xx00</subfield>
    <subfield code="b">vm28</subfield>
  </datafield>
</record>