
<record>
  <leader>00835cz  a2200193n  4500</leader>
  <controlfield tag="001">513355</controlfield>
  <controlfield tag="003">DLC</controlfield>
  <controlfield tag="005">20200104073409.0</controlfield>
  <controlfield tag="008">800904n| azannaabn          |a aaa      </controlfield>
  <datafield tag="010" ind1=" " ind2=" ">
    <subfield code="a">n  80111595 </subfield>
  </datafield>
  <datafield tag="035" ind1=" " ind2=" ">
    <subfield code="a">(OCoLC)oca00492323</subfield>
  </datafield>
  <datafield tag="040" ind1=" " ind2=" ">
    <subfield code="a">DLC</subfield>
    <subfield code="b">eng</subfield>
    <subfield code="e">rda</subfield>
    <subfield code="c">DLC</subfield>
    <subfield code="d">DLC</subfield>
    <subfield code="d">OCoLC</subfield>
    <subfield code="d">DNLM</subfield>
  </datafield>
  <datafield tag="046" ind1=" " ind2=" ">
    <subfield code="f">1948-04-06</subfield>
    <subfield code="2">edtf</subfield>
  </datafield>
  <datafield tag="100" ind1="1" ind2=" ">
    <subfield code="a">Ewan, Christine E.</subfield>
  </datafield>
  <datafield tag="400" ind1="1" ind2=" ">
    <subfield code="a">Ewan, C. E.</subfield>
    <subfield code="q">(Christine Elizabeth)</subfield>
  </datafield>
  <datafield tag="670" ind1=" " ind2=" ">
    <subfield code="a">Her Is seeing believing?, 1980:</subfield>
    <subfield code="b">t.p. (Christine E. Ewan, MB, BS, PhD)</subfield>
  </datafield>
  <datafield tag="670" ind1=" " ind2=" ">
    <subfield code="a">Her Teaching nursing, c1984:</subfield>
    <subfield code="b">CIP t.p. (Christine Ewan) data sheet (b. 4/6/48)</subfield>
  </datafield>
  <datafield tag="670" ind1=" " ind2=" ">
    <subfield code="a">Health in the greenhouse, c1993:</subfield>
    <subfield code="b">t.p. (C.E. Ewan, Univ. of Wollongong) t.p. verso (Ewan, Christine E. (Christine Elizabeth) p. vi (MB, BS, PhD, MA, FAFPHM, prof. and dean, Fac. of Health and Behavioural Sci., Univ. of Wollongong)</subfield>
  </datafield>
  <datafield tag="953" ind1=" " ind2=" ">
    <subfield code="a">ea16</subfield>
    <subfield code="b">bh05</subfield>
  </datafield>
</record>