
<record>
  <leader>01141cz  a2200205n  4500</leader>
  <controlfield tag="001">514289</controlfield>
  <controlfield tag="003">DLC</controlfield>
  <controlfield tag="005">20200104073400.0</controlfield>
  <controlfield tag="008">800924n| azannaabn          |a ana      </controlfield>
  <datafield tag="010" ind1=" " ind2=" ">
    <subfield code="a">n  80121385 </subfield>
  </datafield>
  <datafield tag="035" ind1=" " ind2=" ">
    <subfield code="a">(OCoLC)oca00501963</subfield>
  </datafield>
  <datafield tag="040" ind1=" " ind2=" ">
    <subfield code="a">DLC</subfield>
    <subfield code="b">eng</subfield>
    <subfield code="e">rda</subfield>
    <subfield code="c">DLC</subfield>
    <subfield code="d">DLC</subfield>
    <subfield code="d">OCoLC</subfield>
    <subfield code="d">DNLM</subfield>
  </datafield>
  <datafield tag="046" ind1=" " ind2=" ">
    <subfield code="s">1973</subfield>
    <subfield code="t">1983-09</subfield>
    <subfield code="2">edtf</subfield>
  </datafield>
  <datafield tag="110" ind1="2" ind2=" ">
    <subfield code="a">University of New South Wales.</subfield>
    <subfield code="b">Centre for Medical Education Research and Development</subfield>
  </datafield>
  <datafield tag="410" ind1="1" ind2=" ">
    <subfield code="w">nnaa</subfield>
    <subfield code="a">New South Wales.</subfield>
    <subfield code="b">University, Kensington.</subfield>
    <subfield code="b">Centre for Medical Education, Research, and Development.</subfield>
  </datafield>
  <datafield tag="510" ind1="2" ind2=" ">
    <subfield code="w">r</subfield>
    <subfield code="i">Hierarchical superior:</subfield>
    <subfield code="a">University of New South Wales</subfield>
  </datafield>
  <datafield tag="510" ind1="2" ind2=" ">
    <subfield code="w">r</subfield>
    <subfield code="i">Successor:</subfield>
    <subfield code="a">University of New South Wales.</subfield>
    <subfield code="b">School of Medical Education</subfield>
  </datafield>
  <datafield tag="670" ind1=" " ind2=" ">
    <subfield code="a">Its Review paper ; no. 1 (ser.) Ewan, C. E. Is seeing believing?, 1980:</subfield>
    <subfield code="b">cover (University of New South Wales, Centre for Medical Education Research and Development)</subfield>
  </datafield>
  <datafield tag="670" ind1=" " ind2=" ">
    <subfield code="a">Newsletter (University of New South Wales.  School of Medical Education) Newsletter, Feb.-March 1984:</subfield>
    <subfield code="b">p.40 (In September 1983, Council of the University approved a resolution to upgrade the Centre to a School of Medical Education)</subfield>
  </datafield>
  <datafield tag="953" ind1=" " ind2=" ">
    <subfield code="a">ea16</subfield>
    <subfield code="b">ea36</subfield>
  </datafield>
</record>