
<record>
  <leader>02595cz  a2200553n  4500</leader>
  <controlfield tag="001">525642</controlfield>
  <controlfield tag="003">DLC</controlfield>
  <controlfield tag="005">20200104073408.0</controlfield>
  <controlfield tag="008">810925n| azannaabn          |b aaa      </controlfield>
  <datafield tag="010" ind1=" " ind2=" ">
    <subfield code="a">n  81072635 </subfield>
  </datafield>
  <datafield tag="035" ind1=" " ind2=" ">
    <subfield code="a">(OCoLC)oca00617940</subfield>
  </datafield>
  <datafield tag="040" ind1=" " ind2=" ">
    <subfield code="a">DLC</subfield>
    <subfield code="b">eng</subfield>
    <subfield code="e">rda</subfield>
    <subfield code="c">DLC</subfield>
    <subfield code="d">DLC</subfield>
    <subfield code="d">CtY-Mus</subfield>
    <subfield code="d">DLC</subfield>
    <subfield code="d">InU-Mu</subfield>
    <subfield code="d">CtY-Mus</subfield>
    <subfield code="d">OCoLC</subfield>
    <subfield code="d">DLC</subfield>
    <subfield code="d">IEN</subfield>
    <subfield code="d">OU</subfield>
    <subfield code="d">DLC</subfield>
    <subfield code="d">WU</subfield>
  </datafield>
  <datafield tag="046" ind1=" " ind2=" ">
    <subfield code="f">1932-08-12</subfield>
    <subfield code="2">edtf</subfield>
  </datafield>
  <datafield tag="053" ind1=" " ind2="0">
    <subfield code="a">ML410.S5994</subfield>
    <subfield code="c">Biography</subfield>
  </datafield>
  <datafield tag="100" ind1="1" ind2=" ">
    <subfield code="a">Slonimskiĭ, Sergeĭ Mikhaĭlovich</subfield>
  </datafield>
  <datafield tag="370" ind1=" " ind2=" ">
    <subfield code="a">Saint Petersburg, Russia</subfield>
    <subfield code="c">Russia (Federation)</subfield>
  </datafield>
  <datafield tag="372" ind1=" " ind2=" ">
    <subfield code="a">Composition (Music)</subfield>
    <subfield code="2">lcsh</subfield>
  </datafield>
  <datafield tag="374" ind1=" " ind2=" ">
    <subfield code="a">Composers</subfield>
    <subfield code="2">lcsh</subfield>
  </datafield>
  <datafield tag="375" ind1=" " ind2=" ">
    <subfield code="a">Males</subfield>
    <subfield code="2">lcdgt</subfield>
  </datafield>
  <datafield tag="400" ind1="1" ind2=" ">
    <subfield code="a">Слонимский, Сергей Михайлович</subfield>
  </datafield>
  <datafield tag="400" ind1="1" ind2=" ">
    <subfield code="a">Slonimski, Sergej Michailowitsch</subfield>
  </datafield>
  <datafield tag="400" ind1="1" ind2=" ">
    <subfield code="a">Słonimski, Sergiusz</subfield>
  </datafield>
  <datafield tag="400" ind1="1" ind2=" ">
    <subfield code="a">Slonimski, Sergueï</subfield>
  </datafield>
  <datafield tag="400" ind1="1" ind2=" ">
    <subfield code="a">Slonimskiĭ, S.</subfield>
    <subfield code="q">(Sergeĭ)</subfield>
  </datafield>
  <datafield tag="400" ind1="1" ind2=" ">
    <subfield code="a">Slonimskiĭ, Sergeĭ</subfield>
  </datafield>
  <datafield tag="400" ind1="1" ind2=" ">
    <subfield code="a">Slonimskij, S.</subfield>
    <subfield code="q">(Sergej)</subfield>
  </datafield>
  <datafield tag="400" ind1="1" ind2=" ">
    <subfield code="a">Slonimskij, Sergej Michajlovič</subfield>
  </datafield>
  <datafield tag="400" ind1="1" ind2=" ">
    <subfield code="a">Slonimsky, S.</subfield>
    <subfield code="q">(Sergey)</subfield>
  </datafield>
  <datafield tag="400" ind1="1" ind2=" ">
    <subfield code="a">Slonimsky, Sergei</subfield>
  </datafield>
  <datafield tag="400" ind1="1" ind2=" ">
    <subfield code="a">Slonimsky, Sergey</subfield>
  </datafield>
  <datafield tag="400" ind1="1" ind2=" ">
    <subfield code="a">Slonimsky, Sergey Mikhaylovich</subfield>
  </datafield>
  <datafield tag="400" ind1="1" ind2=" ">
    <subfield code="a">Slonimsky, Sergueï</subfield>
  </datafield>
  <datafield tag="667" ind1=" " ind2=" ">
    <subfield code="a">Machine-derived non-Latin script reference project.</subfield>
  </datafield>
  <datafield tag="667" ind1=" " ind2=" ">
    <subfield code="a">Non-Latin script reference not evaluated.</subfield>
  </datafield>
  <datafield tag="670" ind1=" " ind2=" ">
    <subfield code="a">A. Petrov, 1958.</subfield>
  </datafield>
  <datafield tag="670" ind1=" " ind2=" ">
    <subfield code="a">Golos iz khora, 1980:</subfield>
    <subfield code="b">t.p. (Sergeĭ Slonimskiĭ; Sergey Slonimsky)</subfield>
  </datafield>
  <datafield tag="670" ind1=" " ind2=" ">
    <subfield code="a">Simfonii︠a︡ no. 2, 1981:</subfield>
    <subfield code="b">t.p. (S. Slonimskiĭ)</subfield>
  </datafield>
  <datafield tag="670" ind1=" " ind2=" ">
    <subfield code="a">Musiques juives du 20e siècle [SR] 1986:</subfield>
    <subfield code="b">label (Slonimski) insert (Sergueï Slonimski, 1932- )</subfield>
  </datafield>
  <datafield tag="670" ind1=" " ind2=" ">
    <subfield code="a">Sovietska klavírna tvorba, p1974:</subfield>
    <subfield code="b">label (S. Slonimskij) container (Sergej Michajlovič Slonimskij)</subfield>
  </datafield>
  <datafield tag="670" ind1=" " ind2=" ">
    <subfield code="a">Slonimskiĭ, S.M. Gamlet, 1997:</subfield>
    <subfield code="b">t.p. (Sergeĭ Slonimskiĭ; Sergei Slonimsky)</subfield>
  </datafield>
  <datafield tag="670" ind1=" " ind2=" ">
    <subfield code="a">New Grove, 2nd ed. www site, Dec 19, 2000</subfield>
    <subfield code="b">(Slonimsky, Sergey Mikhaylovich; b. Aug. 12, 1932, Leningrad; Russian composer, pianist, and teacher)</subfield>
  </datafield>
  <datafield tag="670" ind1=" " ind2=" ">
    <subfield code="a">Fünfzig sowjetische Komponisten der Gegenwart, c1984</subfield>
    <subfield code="b">(Slonimski, Sergej Michailowitsch; Slonimskiĭ, Sergeĭ Mikhaĭlovich)</subfield>
  </datafield>
  <datafield tag="670" ind1=" " ind2=" ">
    <subfield code="a">Biographical dictionary of Russian/Soviet composers, 1989</subfield>
    <subfield code="b">(Slonimsky, Sergey Mikhailovich)</subfield>
  </datafield>
  <datafield tag="670" ind1=" " ind2=" ">
    <subfield code="a">Slonimskiĭ, S.M. Polʹskie strofy, c1998:</subfield>
    <subfield code="b">cover (Sergiusz Słonimski)</subfield>
  </datafield>
  <datafield tag="670" ind1=" " ind2=" ">
    <subfield code="a">Musiques juives [SR] 1986:</subfield>
    <subfield code="b">insert (Sergueï Slonimsky)</subfield>
  </datafield>
  <datafield tag="670" ind1=" " ind2=" ">
    <subfield code="a">Info. converted from 678, 2012-10-02</subfield>
    <subfield code="b">(b. 1932)</subfield>
  </datafield>
  <datafield tag="670" ind1=" " ind2=" ">
    <subfield code="a">Slonimskiĭ, S. Tikhai︠a︡ muzyka [SR] 1988:</subfield>
    <subfield code="b">label (S. Slonimskiĭ, composer)</subfield>
  </datafield>
  <datafield tag="952" ind1=" " ind2=" ">
    <subfield code="a">RETRO</subfield>
  </datafield>
  <datafield tag="953" ind1=" " ind2=" ">
    <subfield code="a">xx00</subfield>
    <subfield code="b">qr12</subfield>
  </datafield>
</record>