
<record>
  <leader>02284cz  a2200529n  4500</leader>
  <controlfield tag="001">527298</controlfield>
  <controlfield tag="003">DLC</controlfield>
  <controlfield tag="005">20200104073410.0</controlfield>
  <controlfield tag="008">811026nc azannaabn          |b aaa      </controlfield>
  <datafield tag="010" ind1=" " ind2=" ">
    <subfield code="a">n  81089505 </subfield>
  </datafield>
  <datafield tag="035" ind1=" " ind2=" ">
    <subfield code="a">(OCoLC)oca00634709</subfield>
  </datafield>
  <datafield tag="040" ind1=" " ind2=" ">
    <subfield code="a">DLC</subfield>
    <subfield code="b">eng</subfield>
    <subfield code="e">rda</subfield>
    <subfield code="c">DLC</subfield>
    <subfield code="d">NjP</subfield>
    <subfield code="d">OCoLC</subfield>
    <subfield code="d">DLC</subfield>
    <subfield code="d">OCoLC</subfield>
    <subfield code="d">HkUST</subfield>
    <subfield code="d">InU</subfield>
    <subfield code="d">MH</subfield>
  </datafield>
  <datafield tag="046" ind1=" " ind2=" ">
    <subfield code="f">1470-04-06</subfield>
    <subfield code="g">1524-01-07</subfield>
    <subfield code="2">edtf</subfield>
  </datafield>
  <datafield tag="053" ind1=" " ind2="0">
    <subfield code="a">PL2698.T3</subfield>
  </datafield>
  <datafield tag="100" ind1="1" ind2=" ">
    <subfield code="a">Tang, Yin,</subfield>
    <subfield code="d">1470-1524</subfield>
  </datafield>
  <datafield tag="400" ind1="1" ind2=" ">
    <subfield code="a">唐寅,</subfield>
    <subfield code="d">1470-1524</subfield>
  </datafield>
  <datafield tag="400" ind1="1" ind2=" ">
    <subfield code="a">Tang, Liuru,</subfield>
    <subfield code="d">1470-1524</subfield>
  </datafield>
  <datafield tag="400" ind1="1" ind2=" ">
    <subfield code="a">Tʻang, Liu-ju,</subfield>
    <subfield code="d">1470-1524</subfield>
  </datafield>
  <datafield tag="400" ind1="1" ind2=" ">
    <subfield code="a">唐六如,</subfield>
    <subfield code="d">1470-1524</subfield>
  </datafield>
  <datafield tag="400" ind1="1" ind2=" ">
    <subfield code="a">Tang, Bohu,</subfield>
    <subfield code="d">1470-1524</subfield>
  </datafield>
  <datafield tag="400" ind1="1" ind2=" ">
    <subfield code="a">Tʻang, Po-hu,</subfield>
    <subfield code="d">1470-1524</subfield>
  </datafield>
  <datafield tag="400" ind1="1" ind2=" ">
    <subfield code="a">唐伯虎,</subfield>
    <subfield code="d">1470-1524</subfield>
  </datafield>
  <datafield tag="400" ind1="1" ind2=" ">
    <subfield code="a">Tang, Ziwei,</subfield>
    <subfield code="d">1470-1524</subfield>
  </datafield>
  <datafield tag="400" ind1="1" ind2=" ">
    <subfield code="a">Tʻang, Tzu-wei,</subfield>
    <subfield code="d">1470-1524</subfield>
  </datafield>
  <datafield tag="400" ind1="1" ind2=" ">
    <subfield code="a">唐子畏,</subfield>
    <subfield code="d">1470-1524</subfield>
  </datafield>
  <datafield tag="400" ind1="0" ind2=" ">
    <subfield code="a">Liurujushi,</subfield>
    <subfield code="d">1470-1524</subfield>
  </datafield>
  <datafield tag="400" ind1="0" ind2=" ">
    <subfield code="a">Liu-ju-chü-shih,</subfield>
    <subfield code="d">1470-1524</subfield>
  </datafield>
  <datafield tag="400" ind1="0" ind2=" ">
    <subfield code="a">六如居士,</subfield>
    <subfield code="d">1470-1524</subfield>
  </datafield>
  <datafield tag="400" ind1="0" ind2=" ">
    <subfield code="a">Taohua&apos;anzhu,</subfield>
    <subfield code="d">1470-1524</subfield>
  </datafield>
  <datafield tag="400" ind1="0" ind2=" ">
    <subfield code="a">Tʻao-hua-an-chu,</subfield>
    <subfield code="d">1470-1524</subfield>
  </datafield>
  <datafield tag="400" ind1="0" ind2=" ">
    <subfield code="a">桃花菴主,</subfield>
    <subfield code="d">1470-1524</subfield>
  </datafield>
  <datafield tag="400" ind1="0" ind2=" ">
    <subfield code="a">Taochanxianli,</subfield>
    <subfield code="d">1470-1524</subfield>
  </datafield>
  <datafield tag="400" ind1="0" ind2=" ">
    <subfield code="a">Tʻao-chʻan-hsien-li,</subfield>
    <subfield code="d">1470-1524</subfield>
  </datafield>
  <datafield tag="400" ind1="0" ind2=" ">
    <subfield code="a">逃禅仙吏,</subfield>
    <subfield code="d">1470-1524</subfield>
  </datafield>
  <datafield tag="400" ind1="0" ind2=" ">
    <subfield code="a">Luguotangsheng,</subfield>
    <subfield code="d">1470-1524</subfield>
  </datafield>
  <datafield tag="400" ind1="0" ind2=" ">
    <subfield code="a">Lu-kuo-Tʻang-sheng,</subfield>
    <subfield code="d">1470-1524</subfield>
  </datafield>
  <datafield tag="400" ind1="0" ind2=" ">
    <subfield code="a">鲁国唐生,</subfield>
    <subfield code="d">1470-1524</subfield>
  </datafield>
  <datafield tag="667" ind1=" " ind2=" ">
    <subfield code="a">Machine-derived non-Latin script reference project.</subfield>
  </datafield>
  <datafield tag="667" ind1=" " ind2=" ">
    <subfield code="a">Non-Latin script references not evaluated.</subfield>
  </datafield>
  <datafield tag="667" ind1=" " ind2=" ">
    <subfield code="a">Non-Latin script references reviewed in NACO CJK Funnel References Project.</subfield>
  </datafield>
  <datafield tag="670" ind1=" " ind2=" ">
    <subfield code="a">Author&apos;s Tʻang Liu-ju hua chi, 1960.</subfield>
  </datafield>
  <datafield tag="670" ind1=" " ind2=" ">
    <subfield code="a">Tzʻu hai, 1979:</subfield>
    <subfield code="b">p. 1956 (唐寅 = Tʻang Yin, 1470-1523)</subfield>
  </datafield>
  <datafield tag="670" ind1=" " ind2=" ">
    <subfield code="a">Tʻang Yin, 1996:</subfield>
    <subfield code="b">p. 1, 3rd group (t. 子畏 = Tzu-wei; h. 伯虎 = Po-hu, also 六如居士 = Liu-ju-chü-shih, 桃花菴主 = Tʻao-hua-an-chu, 鲁国唐生 = Lu-kuo-Tʻang-sheng, 逃禅仙吏 = Tʻao-chʻan-hsien-li) p. 151, etc. (b. 2nd mo./4th day/Ming Chʻeng-hua 6 (1470), Wu-chün; d. 12th mo./2nd day/Chia-ching 2)</subfield>
  </datafield>
  <datafield tag="670" ind1=" " ind2=" ">
    <subfield code="a">Dict. Ming biog., 1976</subfield>
    <subfield code="b">(唐寅 = Tʻang Yin; Apr. 6, 1470-Jan. 7, 1524; painter, poet)</subfield>
  </datafield>
  <datafield tag="670" ind1=" " ind2=" ">
    <subfield code="a">OCLC #27985412, November 20, 2019</subfield>
    <subfield code="b">(access point: 唐寅, 1470-1524 = Tang, Yin, 1470-1524; usage: 唐寅 = Tang Yin)</subfield>
  </datafield>
  <datafield tag="952" ind1=" " ind2=" ">
    <subfield code="a">RETRO</subfield>
  </datafield>
  <datafield tag="953" ind1=" " ind2=" ">
    <subfield code="a">xx00</subfield>
    <subfield code="b">yc10</subfield>
  </datafield>
</record>