
<record>
  <leader>00515cz  a2200157n  4500</leader>
  <controlfield tag="001">530795</controlfield>
  <controlfield tag="003">DLC</controlfield>
  <controlfield tag="005">20200104073637.0</controlfield>
  <controlfield tag="008">811105n| acannaabn          |a aaa      </controlfield>
  <datafield tag="010" ind1=" " ind2=" ">
    <subfield code="a">n  81125205 </subfield>
  </datafield>
  <datafield tag="035" ind1=" " ind2=" ">
    <subfield code="a">(OCoLC)oca00670120</subfield>
  </datafield>
  <datafield tag="040" ind1=" " ind2=" ">
    <subfield code="a">DLC</subfield>
    <subfield code="b">eng</subfield>
    <subfield code="c">DLC</subfield>
    <subfield code="d">InU</subfield>
  </datafield>
  <datafield tag="100" ind1="1" ind2=" ">
    <subfield code="a">Böker, W.</subfield>
    <subfield code="q">(Wolfgang).</subfield>
    <subfield code="t">Gewalttaten Geistesgestörter.</subfield>
    <subfield code="l">English</subfield>
  </datafield>
  <datafield tag="400" ind1="1" ind2=" ">
    <subfield code="a">Böker, W.</subfield>
    <subfield code="q">(Wolfgang).</subfield>
    <subfield code="t">Crimes of violence by mentally abnormal offenders</subfield>
  </datafield>
  <datafield tag="670" ind1=" " ind2=" ">
    <subfield code="a">His Crimes of violence by mentally abnormal offenders, 1983.</subfield>
  </datafield>
  <datafield tag="953" ind1=" " ind2=" ">
    <subfield code="a">bc07</subfield>
  </datafield>
</record>