
<record>
  <leader>01933cz  a2200385n  4500</leader>
  <controlfield tag="001">534781</controlfield>
  <controlfield tag="003">DLC</controlfield>
  <controlfield tag="005">20200104073415.0</controlfield>
  <controlfield tag="008">820315n| azannaabn          |b aaa      </controlfield>
  <datafield tag="010" ind1=" " ind2=" ">
    <subfield code="a">n  82013055 </subfield>
  </datafield>
  <datafield tag="035" ind1=" " ind2=" ">
    <subfield code="a">(OCoLC)oca00710324</subfield>
  </datafield>
  <datafield tag="040" ind1=" " ind2=" ">
    <subfield code="a">DLC</subfield>
    <subfield code="b">eng</subfield>
    <subfield code="e">rda</subfield>
    <subfield code="c">DLC</subfield>
    <subfield code="d">DLC</subfield>
    <subfield code="d">OCoLC</subfield>
    <subfield code="d">NNC</subfield>
    <subfield code="d">FU</subfield>
    <subfield code="d">DLC</subfield>
    <subfield code="d">NNC</subfield>
  </datafield>
  <datafield tag="046" ind1=" " ind2=" ">
    <subfield code="f">1886-03-15</subfield>
    <subfield code="g">1964-12-29</subfield>
    <subfield code="2">edtf</subfield>
  </datafield>
  <datafield tag="100" ind1="1" ind2=" ">
    <subfield code="a">Favorskiĭ, Vladimir Andreevich,</subfield>
    <subfield code="d">1886-1964</subfield>
  </datafield>
  <datafield tag="370" ind1=" " ind2=" ">
    <subfield code="a">Moscow (Russia)</subfield>
    <subfield code="b">Moscow (Russia)</subfield>
    <subfield code="c">Soviet Union</subfield>
    <subfield code="c">Russia</subfield>
    <subfield code="2">naf</subfield>
  </datafield>
  <datafield tag="372" ind1=" " ind2=" ">
    <subfield code="a">Graphic arts</subfield>
    <subfield code="a">Illustration of books</subfield>
    <subfield code="a">Art</subfield>
    <subfield code="a">Theater--Stage-setting and scenery</subfield>
    <subfield code="a">Art criticism</subfield>
    <subfield code="2">lcsh</subfield>
  </datafield>
  <datafield tag="374" ind1=" " ind2=" ">
    <subfield code="a">Graphic artists</subfield>
    <subfield code="a">Illustrators</subfield>
    <subfield code="a">Artists</subfield>
    <subfield code="a">Set designers</subfield>
    <subfield code="a">Art critics</subfield>
    <subfield code="2">lcdgt</subfield>
  </datafield>
  <datafield tag="375" ind1=" " ind2=" ">
    <subfield code="a">Males</subfield>
    <subfield code="2">lcdgt</subfield>
  </datafield>
  <datafield tag="378" ind1=" " ind2=" ">
    <subfield code="q">Vladimir Andreevich</subfield>
  </datafield>
  <datafield tag="400" ind1="1" ind2=" ">
    <subfield code="a">Favorsky, Vladimir,</subfield>
    <subfield code="d">1886-1964</subfield>
  </datafield>
  <datafield tag="400" ind1="1" ind2=" ">
    <subfield code="a">Faworski, Wladimir,</subfield>
    <subfield code="d">1886-1964</subfield>
  </datafield>
  <datafield tag="400" ind1="1" ind2=" ">
    <subfield code="a">Favorskij, Vladimir Andrejevič,</subfield>
    <subfield code="d">1886-1964</subfield>
  </datafield>
  <datafield tag="400" ind1="1" ind2=" ">
    <subfield code="a">Faworski, Wladimir Andreyewitch,</subfield>
    <subfield code="d">1886-1964</subfield>
  </datafield>
  <datafield tag="400" ind1="1" ind2=" ">
    <subfield code="a">Favorskiĭ, V. A.</subfield>
    <subfield code="q">(Vladimir Andreevich),</subfield>
    <subfield code="d">1886-1964</subfield>
  </datafield>
  <datafield tag="400" ind1="1" ind2=" ">
    <subfield code="a">Фаворский, Владимир Андреевич,</subfield>
    <subfield code="d">1886-1964</subfield>
  </datafield>
  <datafield tag="400" ind1="1" ind2=" ">
    <subfield code="a">ו.א. פאבורסקי,</subfield>
    <subfield code="d">1886-1964</subfield>
  </datafield>
  <datafield tag="400" ind1="1" ind2=" ">
    <subfield code="a">Favorsḳi, Ṿ. A.,</subfield>
    <subfield code="d">1886-1964</subfield>
  </datafield>
  <datafield tag="667" ind1=" " ind2=" ">
    <subfield code="a">Machine-derived non-Latin script reference project.</subfield>
  </datafield>
  <datafield tag="667" ind1=" " ind2=" ">
    <subfield code="a">Non-Latin script references not evaluated.</subfield>
  </datafield>
  <datafield tag="670" ind1=" " ind2=" ">
    <subfield code="a">Pushkin, A. S. Domik v Kolomne, 1929.</subfield>
  </datafield>
  <datafield tag="670" ind1=" " ind2=" ">
    <subfield code="a">Vladimir Andreevich Favorskiĭ, 1886-1964, 1986:</subfield>
    <subfield code="b">t.p. (Vladimir Andreevich Favorskiĭ) p. 6 (V. A. Favorskiĭ)</subfield>
  </datafield>
  <datafield tag="670" ind1=" " ind2=" ">
    <subfield code="a">Megilat Rut, 1966:</subfield>
    <subfield code="b">title page (ו.א. פאבורסקי = Ṿ. A. Favorsḳi, illustrations)</subfield>
  </datafield>
  <datafield tag="670" ind1=" " ind2=" ">
    <subfield code="a">Allgemeines Künstlerlexikon via WWW, 3 January 2020</subfield>
    <subfield code="b">(heading: Favorskij, Vladimir Andreevič; born 15 March 1886 in Moscow; died 29 December 1964 in Moscow; graphic artist, illustrator, painter, draftsman, set designer, sculptor, art theorist; male)</subfield>
  </datafield>
  <datafield tag="952" ind1=" " ind2=" ">
    <subfield code="a">RETRO</subfield>
  </datafield>
  <datafield tag="953" ind1=" " ind2=" ">
    <subfield code="a">xx00</subfield>
    <subfield code="b">ee36</subfield>
  </datafield>
</record>