
<record>
  <leader>01706cz  a2200301n  4500</leader>
  <controlfield tag="001">551776</controlfield>
  <controlfield tag="003">DLC</controlfield>
  <controlfield tag="005">20200104073421.0</controlfield>
  <controlfield tag="008">830722n| azannaabn          |a aaa      </controlfield>
  <datafield tag="010" ind1=" " ind2=" ">
    <subfield code="a">n  82225905 </subfield>
  </datafield>
  <datafield tag="035" ind1=" " ind2=" ">
    <subfield code="a">(OCoLC)oca00880649</subfield>
  </datafield>
  <datafield tag="040" ind1=" " ind2=" ">
    <subfield code="a">DLC</subfield>
    <subfield code="b">eng</subfield>
    <subfield code="e">rda</subfield>
    <subfield code="c">DLC</subfield>
    <subfield code="d">OCoLC</subfield>
    <subfield code="d">KyU</subfield>
  </datafield>
  <datafield tag="046" ind1=" " ind2=" ">
    <subfield code="f">1859-07-28</subfield>
    <subfield code="g">1940-05-20</subfield>
    <subfield code="2">edtf</subfield>
  </datafield>
  <datafield tag="100" ind1="1" ind2=" ">
    <subfield code="a">Anderson, Mary,</subfield>
    <subfield code="d">1859-1940</subfield>
  </datafield>
  <datafield tag="370" ind1=" " ind2=" ">
    <subfield code="a">Sacramento (Calif.)</subfield>
    <subfield code="b">Broadway (Worcestershire, England)</subfield>
    <subfield code="c">United States</subfield>
    <subfield code="c">England</subfield>
    <subfield code="e">Broadway (Worcestershire, England)</subfield>
    <subfield code="2">naf</subfield>
  </datafield>
  <datafield tag="374" ind1=" " ind2=" ">
    <subfield code="a">Actresses</subfield>
    <subfield code="a">Shakespearean actors and actresses</subfield>
    <subfield code="2">lcsh</subfield>
  </datafield>
  <datafield tag="375" ind1=" " ind2=" ">
    <subfield code="a">Females</subfield>
    <subfield code="2">lcdgt</subfield>
  </datafield>
  <datafield tag="377" ind1=" " ind2=" ">
    <subfield code="a">eng</subfield>
  </datafield>
  <datafield tag="400" ind1="1" ind2=" ">
    <subfield code="w">nna</subfield>
    <subfield code="a">Navarro, Mary Anderson de,</subfield>
    <subfield code="d">1859-1940</subfield>
  </datafield>
  <datafield tag="400" ind1="1" ind2=" ">
    <subfield code="a">De Navarro, Mary Anderson,</subfield>
    <subfield code="d">1859-1940</subfield>
  </datafield>
  <datafield tag="400" ind1="1" ind2=" ">
    <subfield code="a">Navarro,</subfield>
    <subfield code="c">Mme. de</subfield>
    <subfield code="q">(Mary Anderson),</subfield>
    <subfield code="d">1859-1940</subfield>
  </datafield>
  <datafield tag="400" ind1="1" ind2=" ">
    <subfield code="a">De Navarro,</subfield>
    <subfield code="c">Mme.</subfield>
    <subfield code="q">(Mary Anderson),</subfield>
    <subfield code="d">1859-1940</subfield>
  </datafield>
  <datafield tag="670" ind1=" " ind2=" ">
    <subfield code="a">Kentucky encyclopedia, ©1992:</subfield>
    <subfield code="b">pages 20-21 (Mary Anderson, a Shakesperean actress was born in Sacramento, Calif. on July 28, 1859.  The next year the family moved to Louisville, Kentucky.  She attended Ursuline Academy and Presentation Academy in Louisville.  At sixteen she made her debut as Juliet in Romeo and Juliet in Louisville. After national and international fame as an actress, she retired fourteen years later and moved to England,   In June 1890 she married Antonio de Navarro and lived in Broadway, Worcestershire, England, where she died on May 20, 1940.)</subfield>
  </datafield>
  <datafield tag="667" ind1=" " ind2=" ">
    <subfield code="a">Mary Anderson is the maiden and stage name of Mme. de Navarro</subfield>
  </datafield>
  <datafield tag="670" ind1=" " ind2=" ">
    <subfield code="a">Her A few more memories, 1936:</subfield>
    <subfield code="b">t.p. (Mary Anderson de Navarro)</subfield>
  </datafield>
  <datafield tag="670" ind1=" " ind2=" ">
    <subfield code="a">Her A few memories, 1896:</subfield>
    <subfield code="b">t.p. (Mary Anderson, Mme. de Navarro)</subfield>
  </datafield>
  <datafield tag="952" ind1=" " ind2=" ">
    <subfield code="a">RETRO</subfield>
  </datafield>
  <datafield tag="953" ind1=" " ind2=" ">
    <subfield code="a">xx00</subfield>
  </datafield>
</record>