
<record>
  <leader>01309cz  a2200217n  4500</leader>
  <controlfield tag="001">557935</controlfield>
  <controlfield tag="003">DLC</controlfield>
  <controlfield tag="005">20200104073422.0</controlfield>
  <controlfield tag="008">830712n| azannaabn          |n aaa      </controlfield>
  <datafield tag="010" ind1=" " ind2=" ">
    <subfield code="a">n  83035465 </subfield>
  </datafield>
  <datafield tag="035" ind1=" " ind2=" ">
    <subfield code="a">(OCoLC)oca00925176</subfield>
  </datafield>
  <datafield tag="040" ind1=" " ind2=" ">
    <subfield code="a">DLC</subfield>
    <subfield code="b">eng</subfield>
    <subfield code="e">rda</subfield>
    <subfield code="c">DLC</subfield>
    <subfield code="d">OCoLC</subfield>
    <subfield code="d">UPB</subfield>
  </datafield>
  <datafield tag="046" ind1=" " ind2=" ">
    <subfield code="f">1773-12-20</subfield>
    <subfield code="g">1852</subfield>
    <subfield code="2">edtf</subfield>
  </datafield>
  <datafield tag="100" ind1="1" ind2=" ">
    <subfield code="a">Grierson, William,</subfield>
    <subfield code="d">1773-1852</subfield>
  </datafield>
  <datafield tag="370" ind1=" " ind2=" ">
    <subfield code="e">Dumfries (Scotland)</subfield>
    <subfield code="2">naf</subfield>
  </datafield>
  <datafield tag="374" ind1=" " ind2=" ">
    <subfield code="a">Diarists</subfield>
    <subfield code="a">Poets</subfield>
    <subfield code="a">Merchants</subfield>
    <subfield code="2">lcsh</subfield>
  </datafield>
  <datafield tag="375" ind1=" " ind2=" ">
    <subfield code="a">Males</subfield>
    <subfield code="2">lcdgt</subfield>
  </datafield>
  <datafield tag="377" ind1=" " ind2=" ">
    <subfield code="a">eng</subfield>
  </datafield>
  <datafield tag="670" ind1=" " ind2=" ">
    <subfield code="a">His Apostle to Burns, 1981:</subfield>
    <subfield code="b">t.p. (William Grierson) p. 318 (Grierson, William (1773-1852))</subfield>
  </datafield>
  <datafield tag="670" ind1=" " ind2=" ">
    <subfield code="a">Burns Scotland, via WWW, 2 January 2020</subfield>
    <subfield code="b">(William Grierson (20 December 1773-1852), a Dumfries merchant, was a friend and admirer of Robert Burns. After the poet&apos;s death he was instrumental in the erection of Burns Mausoleum and the formation of Dumfries Burns Club. His sixteen volumes of manuscript diaries were preserved by his son, Dr T B Grierson, who was a notable local antiquarian and who established a museum in Thornhill. William kept a diary from 1794 when he was twenty and from this we can obtain a first hand account of Robert Burns last illness, death and funeral.)</subfield>
    <subfield code="u">http://www.burnsscotland.com/items/w/william-griersons-diary,-entry-for-robert-burns-funeral,-1796.aspx</subfield>
  </datafield>
  <datafield tag="953" ind1=" " ind2=" ">
    <subfield code="a">ea04</subfield>
  </datafield>
</record>