
<record>
  <leader>02030cz  a2200373n  4500</leader>
  <controlfield tag="001">597809</controlfield>
  <controlfield tag="003">DLC</controlfield>
  <controlfield tag="005">20200104073334.0</controlfield>
  <controlfield tag="008">850628n| azannaabn          |b aaa      </controlfield>
  <datafield tag="010" ind1=" " ind2=" ">
    <subfield code="a">n  85043175 </subfield>
  </datafield>
  <datafield tag="035" ind1=" " ind2=" ">
    <subfield code="a">(Uk)001409774</subfield>
  </datafield>
  <datafield tag="035" ind1=" " ind2=" ">
    <subfield code="a">(OCoLC)oca01380115</subfield>
  </datafield>
  <datafield tag="040" ind1=" " ind2=" ">
    <subfield code="a">DLC</subfield>
    <subfield code="b">eng</subfield>
    <subfield code="e">rda</subfield>
    <subfield code="c">DLC</subfield>
    <subfield code="d">DLC</subfield>
    <subfield code="d">OCoLC</subfield>
    <subfield code="d">InU</subfield>
    <subfield code="d">OCoLC</subfield>
    <subfield code="d">InU</subfield>
    <subfield code="d">WU</subfield>
    <subfield code="d">Uk</subfield>
    <subfield code="d">InU</subfield>
  </datafield>
  <datafield tag="046" ind1=" " ind2=" ">
    <subfield code="f">1938-03-14</subfield>
    <subfield code="2">edtf</subfield>
  </datafield>
  <datafield tag="053" ind1=" " ind2="0">
    <subfield code="a">PL314.A54</subfield>
  </datafield>
  <datafield tag="100" ind1="0" ind2=" ">
    <subfield code="a">Anar,</subfield>
    <subfield code="d">1938-</subfield>
  </datafield>
  <datafield tag="375" ind1=" " ind2=" ">
    <subfield code="a">Males</subfield>
    <subfield code="2">lcdgt</subfield>
  </datafield>
  <datafield tag="377" ind1=" " ind2=" ">
    <subfield code="a">aze</subfield>
  </datafield>
  <datafield tag="400" ind1="0" ind2=" ">
    <subfield code="a">Анар,</subfield>
    <subfield code="d">1938-</subfield>
  </datafield>
  <datafield tag="400" ind1="1" ind2=" ">
    <subfield code="a">Рзаев, Анар Расул оглы,</subfield>
    <subfield code="d">1938-</subfield>
  </datafield>
  <datafield tag="400" ind1="1" ind2=" ">
    <subfield code="a">Rzaev, Anar Rasul ogly,</subfield>
    <subfield code="d">1938-</subfield>
  </datafield>
  <datafield tag="400" ind1="1" ind2=" ">
    <subfield code="a">Rzai̐ev, Anar Răsul oghlu,</subfield>
    <subfield code="d">1938-</subfield>
  </datafield>
  <datafield tag="400" ind1="0" ind2=" ">
    <subfield code="a">Анор,</subfield>
    <subfield code="d">1938-</subfield>
  </datafield>
  <datafield tag="400" ind1="0" ind2=" ">
    <subfield code="a">Anor,</subfield>
    <subfield code="d">1938-</subfield>
  </datafield>
  <datafield tag="400" ind1="1" ind2=" ">
    <subfield code="a">Rzayev, Anar Räsul oğlu,</subfield>
    <subfield code="d">1938-</subfield>
  </datafield>
  <datafield tag="667" ind1=" " ind2=" ">
    <subfield code="a">Machine-derived non-Latin script reference project.</subfield>
  </datafield>
  <datafield tag="667" ind1=" " ind2=" ">
    <subfield code="a">Non-Latin script reference not evaluated.</subfield>
  </datafield>
  <datafield tag="670" ind1=" " ind2=" ">
    <subfield code="a">I̐aghysh kăsdi, 1968:</subfield>
    <subfield code="b">t.p. (Anar) verso t.p. (Rzaev Anar Rasul ogly)</subfield>
  </datafield>
  <datafield tag="670" ind1=" " ind2=" ">
    <subfield code="a">LC manual cat.</subfield>
    <subfield code="b">(hdg.: Anar, 1938-; usage: Anar; variants: Rzai̐ev, Anar Răsul oghlu)</subfield>
  </datafield>
  <datafield tag="670" ind1=" " ind2=" ">
    <subfield code="a">Kratkai︠a︡ literaturnai︠a︡ ėnt︠s︡., 1978:</subfield>
    <subfield code="b">v. 9, p. 56 (Anar, full name: Anar Rasul ogly Rzaev, b. 3-14-38, Baku, Azerbaijan SSR; son of Rasul Rza &amp; N. Rafibeĭli)</subfield>
  </datafield>
  <datafield tag="670" ind1=" " ind2=" ">
    <subfield code="a">Besh qavatli uĭning oltinchi qavati, 2004:</subfield>
    <subfield code="b">t.p. (Anor)</subfield>
  </datafield>
  <datafield tag="670" ind1=" " ind2=" ">
    <subfield code="a">Google, June 30, 2011</subfield>
    <subfield code="b">(Anar Räsul oğlu Rzayev)</subfield>
  </datafield>
  <datafield tag="670" ind1=" " ind2=" ">
    <subfield code="a">Wikipedia, 12 July 2017</subfield>
    <subfield code="b">(Anar Rzayev ; Anar Rasul oghlu Rzayev (Azerbaijani: Anar Räsul oğlu Rzayev), known as Anar (born 14 March 1938); ia an Azerbaijani writer, dramatist, film director, but primarily a novelist and short-story writer; has also authored screenplays, and directed and acted in a film; born in Baku, Azerbaijani SSR, Soviet Union; after finishing a 10-year music school in Baku, he entered the philosophy department at Baku State University (Bachelor of Arts from Baku State University); completed courses on screen writing and production in Moscow)</subfield>
  </datafield>
  <datafield tag="953" ind1=" " ind2=" ">
    <subfield code="a">ee25</subfield>
  </datafield>
</record>