
<record>
  <leader>01181cz  a2200277n  4500</leader>
  <controlfield tag="001">619490</controlfield>
  <controlfield tag="003">DLC</controlfield>
  <controlfield tag="005">20200104073436.0</controlfield>
  <controlfield tag="008">860930nc azannaabn          |b aaa      </controlfield>
  <datafield tag="010" ind1=" " ind2=" ">
    <subfield code="a">n  85320915 </subfield>
  </datafield>
  <datafield tag="035" ind1=" " ind2=" ">
    <subfield code="a">(OCoLC)oca01731084</subfield>
  </datafield>
  <datafield tag="040" ind1=" " ind2=" ">
    <subfield code="a">DLC</subfield>
    <subfield code="b">eng</subfield>
    <subfield code="e">rda</subfield>
    <subfield code="c">DLC</subfield>
    <subfield code="d">DLC</subfield>
    <subfield code="d">OCoLC</subfield>
    <subfield code="d">HkUST</subfield>
    <subfield code="d">DLC</subfield>
    <subfield code="d">MH</subfield>
  </datafield>
  <datafield tag="046" ind1=" " ind2=" ">
    <subfield code="f">[0902,0903]</subfield>
    <subfield code="g">0970</subfield>
    <subfield code="2">edtf</subfield>
  </datafield>
  <datafield tag="100" ind1="1" ind2=" ">
    <subfield code="a">Tao, Gu,</subfield>
    <subfield code="d">902 or 903-970</subfield>
  </datafield>
  <datafield tag="400" ind1="1" ind2=" ">
    <subfield code="w">nnea</subfield>
    <subfield code="a">Tao, Gu,</subfield>
    <subfield code="d">902 or 3-970</subfield>
  </datafield>
  <datafield tag="400" ind1="1" ind2=" ">
    <subfield code="a">Tʻao, Hsiu-shih,</subfield>
    <subfield code="d">902 or 903-970</subfield>
  </datafield>
  <datafield tag="400" ind1="1" ind2=" ">
    <subfield code="w">nnea</subfield>
    <subfield code="a">Tʻao, Ku,</subfield>
    <subfield code="d">902 or 3-970</subfield>
  </datafield>
  <datafield tag="400" ind1="1" ind2=" ">
    <subfield code="a">Tao, Xiushi,</subfield>
    <subfield code="d">902 or 903-970</subfield>
  </datafield>
  <datafield tag="400" ind1="1" ind2=" ">
    <subfield code="a">陶秀實,</subfield>
    <subfield code="d">902 or 903-970</subfield>
  </datafield>
  <datafield tag="400" ind1="1" ind2=" ">
    <subfield code="a">陶穀,</subfield>
    <subfield code="d">902 or 903-970</subfield>
  </datafield>
  <datafield tag="667" ind1=" " ind2=" ">
    <subfield code="a">Machine-derived non-Latin script reference project.</subfield>
  </datafield>
  <datafield tag="667" ind1=" " ind2=" ">
    <subfield code="a">Non-Latin script references not evaluated.</subfield>
  </datafield>
  <datafield tag="667" ind1=" " ind2=" ">
    <subfield code="a">Non-Latin script references reviewed in NACO CJK Funnel References Project.</subfield>
  </datafield>
  <datafield tag="670" ind1=" " ind2=" ">
    <subfield code="a">His Chʻing i lu, 1985:</subfield>
    <subfield code="b">t.p. (陶穀 = Tʻao Ku of Sung dynasty) pref. (t. 秀實 = Hsiu-shih, native of Pin-hsien, Shensi Province, d. Dec. 970 at the age of 68)</subfield>
  </datafield>
  <datafield tag="670" ind1=" " ind2=" ">
    <subfield code="a">OCLC #37900971, November 21, 2019</subfield>
    <subfield code="b">(access point: 陶穀, 902 or 903-970 = Tao, Gu, 902 or 903-970; usage: 陶穀 = Tao Gu)</subfield>
  </datafield>
  <datafield tag="953" ind1=" " ind2=" ">
    <subfield code="a">bl05</subfield>
  </datafield>
</record>