
<record>
  <leader>00632cz  a2200169n  4500</leader>
  <controlfield tag="001">634850</controlfield>
  <controlfield tag="003">DLC</controlfield>
  <controlfield tag="005">20200104073439.0</controlfield>
  <controlfield tag="008">870217n| acannaabn          |n aba      </controlfield>
  <datafield tag="010" ind1=" " ind2=" ">
    <subfield code="a">n  86090885 </subfield>
  </datafield>
  <datafield tag="035" ind1=" " ind2=" ">
    <subfield code="a">(OCoLC)oca01791247</subfield>
  </datafield>
  <datafield tag="040" ind1=" " ind2=" ">
    <subfield code="a">DLC</subfield>
    <subfield code="b">eng</subfield>
    <subfield code="c">DLC</subfield>
    <subfield code="d">DLC</subfield>
    <subfield code="d">NjP</subfield>
    <subfield code="d">DLC</subfield>
    <subfield code="d">DNGA</subfield>
  </datafield>
  <datafield tag="100" ind1="1" ind2=" ">
    <subfield code="a">Friedrich, Andreas</subfield>
  </datafield>
  <datafield tag="667" ind1=" " ind2=" ">
    <subfield code="a">Last identity on undifferentiated record; reported for deletion</subfield>
  </datafield>
  <datafield tag="670" ind1=" " ind2=" ">
    <subfield code="a">Folklore und Tourismus, 1985:</subfield>
    <subfield code="b">p. 3 (Andreas Friedrich) p. 60 (lic. iur. Andreas Friedrich; Sekretariat der Nat. schweiz. UNESCO-Komm., Bern)</subfield>
  </datafield>
  <datafield tag="675" ind1=" " ind2=" ">
    <subfield code="a">Kürschn. dt. Lit.-Kal., 1988</subfield>
    <subfield code="a">Kürschn. dt. Gel.-Kal., 1996.</subfield>
  </datafield>
  <datafield tag="953" ind1=" " ind2=" ">
    <subfield code="a">ec25</subfield>
  </datafield>
</record>