
<record>
  <leader>00454cz  a2200145n  4500</leader>
  <controlfield tag="001">644559</controlfield>
  <controlfield tag="003">DLC</controlfield>
  <controlfield tag="005">20200104073452.0</controlfield>
  <controlfield tag="008">860403n| acannaabn          |n aad      </controlfield>
  <datafield tag="010" ind1=" " ind2=" ">
    <subfield code="a">n  86817475 </subfield>
  </datafield>
  <datafield tag="035" ind1=" " ind2=" ">
    <subfield code="a">(OCoLC)oca01546308</subfield>
  </datafield>
  <datafield tag="040" ind1=" " ind2=" ">
    <subfield code="a">DLC</subfield>
    <subfield code="b">eng</subfield>
    <subfield code="c">DLC</subfield>
    <subfield code="d">CU-I</subfield>
  </datafield>
  <datafield tag="100" ind1="1" ind2=" ">
    <subfield code="a">Morin, Richard P.</subfield>
  </datafield>
  <datafield tag="670" ind1=" " ind2=" ">
    <subfield code="a">nuc86-29334: Hirshfield, M.F. Thermal effects on the life history ... 1984</subfield>
    <subfield code="b">(hdg. on MdU rept.: Morin, Richard P.; usage: Richard P. Morin)</subfield>
  </datafield>
  <datafield tag="953" ind1=" " ind2=" ">
    <subfield code="a">ne08</subfield>
  </datafield>
</record>