
<record>
  <leader>01807cz  a2200241n  4500</leader>
  <controlfield tag="001">655277</controlfield>
  <controlfield tag="003">DLC</controlfield>
  <controlfield tag="005">20200104073437.0</controlfield>
  <controlfield tag="008">870115n| azannaabn          |n aaa      </controlfield>
  <datafield tag="010" ind1=" " ind2=" ">
    <subfield code="a">n  87802865 </subfield>
  </datafield>
  <datafield tag="035" ind1=" " ind2=" ">
    <subfield code="a">(OCoLC)oca01746472</subfield>
  </datafield>
  <datafield tag="040" ind1=" " ind2=" ">
    <subfield code="a">DLC</subfield>
    <subfield code="b">eng</subfield>
    <subfield code="e">rda</subfield>
    <subfield code="c">DLC</subfield>
    <subfield code="d">OU</subfield>
  </datafield>
  <datafield tag="046" ind1=" " ind2=" ">
    <subfield code="f">1906-07-01</subfield>
    <subfield code="g">1997</subfield>
    <subfield code="2">edtf</subfield>
  </datafield>
  <datafield tag="100" ind1="1" ind2=" ">
    <subfield code="a">Ruprecht, Erich,</subfield>
    <subfield code="d">1906-1997</subfield>
  </datafield>
  <datafield tag="370" ind1=" " ind2=" ">
    <subfield code="a">Mannheim (Germany)</subfield>
    <subfield code="b">Freiburg im Breisgau (Germany)</subfield>
    <subfield code="2">naf</subfield>
  </datafield>
  <datafield tag="374" ind1=" " ind2=" ">
    <subfield code="a">Germanists</subfield>
    <subfield code="a">College teachers</subfield>
    <subfield code="2">lcsh</subfield>
  </datafield>
  <datafield tag="375" ind1=" " ind2=" ">
    <subfield code="a">Males</subfield>
    <subfield code="2">lcdgt</subfield>
  </datafield>
  <datafield tag="670" ind1=" " ind2=" ">
    <subfield code="a">nuc86-76246: Manifeste und Dokumente zur deutschen ... 1981</subfield>
    <subfield code="b">(hdg. on MWiW rept.: Ruprecht, Erich, 1906- ; usage: Erich Ruprecht)</subfield>
  </datafield>
  <datafield tag="670" ind1=" " ind2=" ">
    <subfield code="a">LC data base, 1/15/87</subfield>
    <subfield code="b">(hdg.: Ruprecht, Erich, 1906- )</subfield>
  </datafield>
  <datafield tag="670" ind1=" " ind2=" ">
    <subfield code="a">Wikidata via VIAF, Jan. 3, 2020</subfield>
    <subfield code="b">(born: 1906-07-01; died: 1997-00-00; preferred: Erich Ruprecht; variant: Erich Ruprecht; Erich Ruprecht born:1906-07-01, died:1997; Ruprecht, Erich, 1906-1997; Ruprecht, Erich)</subfield>
    <subfield code="u">http://www.viaf.org/processed/WKP%7CQ59533312</subfield>
  </datafield>
  <datafield tag="670" ind1=" " ind2=" ">
    <subfield code="a">German National Library via VIAF, Jan. 3, 2020</subfield>
    <subfield code="b">(identifier: http://d-nb.info/gnd/1012780929; GAC: XA-DE; other class #: 12.1p sswd, 6.4p sswd; preferred: Ruprecht, Erich 1906-1997; field of activity: Gogh, Vincent van, 1853-1890, Goethe, Johann Wolfgang von, 1749-1832; related: Eckermann, Johann Peter, 1792-1854, Herder, Johann Gottfried von, 1744-1803, Ruprecht, Annemarie, Freiburg im Breisgau, Mannheim)</subfield>
    <subfield code="u">http://www.viaf.org/processed/DNB%7C1012780929</subfield>
  </datafield>
  <datafield tag="670" ind1=" " ind2=" ">
    <subfield code="a">National Library of Latvia via VIAF, Jan. 3, 2020</subfield>
    <subfield code="b">(identifier: 0000000109245467; born: 1906; died: 1997; preferred: Ruprecht, Erich, 1906-1997; field of activity: Vācu literatūra; gender: vīrietis; lang. code: ger; related: Bänsch, Dieter, 1925-1995)</subfield>
    <subfield code="u">http://www.viaf.org/processed/LNB%7CLNC10-000217288</subfield>
  </datafield>
  <datafield tag="953" ind1=" " ind2=" ">
    <subfield code="a">na18</subfield>
  </datafield>
</record>