
<record>
  <leader>01093cz  a2200241n  4500</leader>
  <controlfield tag="001">662997</controlfield>
  <controlfield tag="003">DLC</controlfield>
  <controlfield tag="005">20200104073339.0</controlfield>
  <controlfield tag="008">870831n| azannaabn          |a aaa      </controlfield>
  <datafield tag="010" ind1=" " ind2=" ">
    <subfield code="a">n  87900925 </subfield>
  </datafield>
  <datafield tag="035" ind1=" " ind2=" ">
    <subfield code="a">(OCoLC)oca01929795</subfield>
  </datafield>
  <datafield tag="040" ind1=" " ind2=" ">
    <subfield code="a">NjP</subfield>
    <subfield code="b">eng</subfield>
    <subfield code="e">rda</subfield>
    <subfield code="c">DLC</subfield>
    <subfield code="d">DLC</subfield>
    <subfield code="d">OU</subfield>
  </datafield>
  <datafield tag="046" ind1=" " ind2=" ">
    <subfield code="f">1903</subfield>
    <subfield code="g">1980</subfield>
    <subfield code="2">edtf</subfield>
  </datafield>
  <datafield tag="100" ind1="1" ind2=" ">
    <subfield code="a">Gerlach, Kurt,</subfield>
    <subfield code="d">1903-1980</subfield>
  </datafield>
  <datafield tag="370" ind1=" " ind2=" ">
    <subfield code="c">Germany</subfield>
    <subfield code="2">naf</subfield>
  </datafield>
  <datafield tag="374" ind1=" " ind2=" ">
    <subfield code="a">Germanists</subfield>
    <subfield code="2">lcsh</subfield>
  </datafield>
  <datafield tag="375" ind1=" " ind2=" ">
    <subfield code="a">Males</subfield>
    <subfield code="2">lcdgt</subfield>
  </datafield>
  <datafield tag="400" ind1="1" ind2=" ">
    <subfield code="a">Gerlach-Bernau, Kurt,</subfield>
    <subfield code="d">1903-1980</subfield>
  </datafield>
  <datafield tag="670" ind1=" " ind2=" ">
    <subfield code="a">His Heinrich von Kleist, 1971-1977:</subfield>
    <subfield code="b">v. 3, t.p. (Dr. Kurt Gerlach)</subfield>
  </datafield>
  <datafield tag="670" ind1=" " ind2=" ">
    <subfield code="a">LC in RLIN, 8-19-87</subfield>
    <subfield code="b">(hdg.: Gerlach, Kurt, 1903- )</subfield>
  </datafield>
  <datafield tag="670" ind1=" " ind2=" ">
    <subfield code="a">Gerlach, Kurt. Drama und Nation, 1934:</subfield>
    <subfield code="b">t.p. (Kurt Gerlach-Bernau)</subfield>
  </datafield>
  <datafield tag="670" ind1=" " ind2=" ">
    <subfield code="a">NUKAT Center of Warsaw University Library via VIAF, Jan. 3, 2020</subfield>
    <subfield code="b">(identifier: http://nukat.edu.pl/aut/n 2002044834, 72149111, http://isni.org/isni/0000000109147226; born: 1903; died: 1980; preferred: Gerlach, Kurt (1903-1980).; field of activity: Filologia germańska.; occupation: Germaniści.)</subfield>
    <subfield code="u">http://www.viaf.org/processed/NUKAT%7Cn 2002044834</subfield>
  </datafield>
  <datafield tag="953" ind1=" " ind2=" ">
    <subfield code="a">bz63</subfield>
    <subfield code="b">vj17</subfield>
  </datafield>
</record>