
<record>
  <leader>01446cz  a2200253n  4500</leader>
  <controlfield tag="001">718518</controlfield>
  <controlfield tag="003">DLC</controlfield>
  <controlfield tag="005">20200104073316.0</controlfield>
  <controlfield tag="008">900724n| azannaabn          |n aaa     c</controlfield>
  <datafield tag="010" ind1=" " ind2=" ">
    <subfield code="a">nr 90012725 </subfield>
  </datafield>
  <datafield tag="035" ind1=" " ind2=" ">
    <subfield code="a">(OCoLC)oca02787310</subfield>
  </datafield>
  <datafield tag="040" ind1=" " ind2=" ">
    <subfield code="a">NjP</subfield>
    <subfield code="b">eng</subfield>
    <subfield code="e">rda</subfield>
    <subfield code="c">NjP</subfield>
    <subfield code="d">DLC</subfield>
    <subfield code="d">ICU</subfield>
    <subfield code="d">MoSU</subfield>
  </datafield>
  <datafield tag="100" ind1="1" ind2=" ">
    <subfield code="a">Senellart, Michel</subfield>
  </datafield>
  <datafield tag="370" ind1=" " ind2=" ">
    <subfield code="c">France</subfield>
    <subfield code="f">Lyon (France)</subfield>
    <subfield code="2">naf</subfield>
  </datafield>
  <datafield tag="372" ind1=" " ind2=" ">
    <subfield code="a">Political science--Philosophy</subfield>
    <subfield code="2">lcsh</subfield>
  </datafield>
  <datafield tag="373" ind1=" " ind2=" ">
    <subfield code="a">École normale supérieure de Lyon</subfield>
    <subfield code="2">naf</subfield>
  </datafield>
  <datafield tag="373" ind1=" " ind2=" ">
    <subfield code="a">Triangle (Research group)</subfield>
    <subfield code="2">naf</subfield>
  </datafield>
  <datafield tag="374" ind1=" " ind2=" ">
    <subfield code="a">Philosophy teachers</subfield>
    <subfield code="a">College teachers</subfield>
    <subfield code="2">lcsh</subfield>
  </datafield>
  <datafield tag="377" ind1=" " ind2=" ">
    <subfield code="a">fre</subfield>
  </datafield>
  <datafield tag="670" ind1=" " ind2=" ">
    <subfield code="a">Machiavélisme et raison d&apos;état, XIIe-XVIIIe siècle, 1989:</subfield>
    <subfield code="b">title page (Michel Senellart)</subfield>
  </datafield>
  <datafield tag="670" ind1=" " ind2=" ">
    <subfield code="a">Bibliothèque nationale de France online catalog, viewed January 3, 2020</subfield>
    <subfield code="b">(authorized access point: Senellart, Michel; other data in authority record: professor of political philosophy at the École normale supérieure des lettres et sciences humaines in Lyon (as of 2004))</subfield>
    <subfield code="u">https://catalogue.bnf.fr/ark:/12148/cb12142945c</subfield>
  </datafield>
  <datafield tag="670" ind1=" " ind2=" ">
    <subfield code="a">Triangle, UMR 5206 website, viewed January 3, 2020:</subfield>
    <subfield code="b">link to Chercheur·e·s et enseignant·e·s-chercheur·e·s page (Senellart, Michel; professor of political philosophy at the École normale supérieure de Lyon; member of UMR 5206 &quot;Triangle. Action, discours, pensée politique et économique&quot;)</subfield>
    <subfield code="u">http://triangle.ens-lyon.fr/spip.php?article243</subfield>
  </datafield>
  <datafield tag="953" ind1=" " ind2=" ">
    <subfield code="a">xx00</subfield>
    <subfield code="b">td07</subfield>
  </datafield>
  <datafield tag="985" ind1=" " ind2=" ">
    <subfield code="c">RLIN</subfield>
    <subfield code="e">LSPC</subfield>
  </datafield>
</record>