
<record>
  <leader>01109cz  a2200265n  4500</leader>
  <controlfield tag="001">726445</controlfield>
  <controlfield tag="003">DLC</controlfield>
  <controlfield tag="005">20200104073315.0</controlfield>
  <controlfield tag="008">900608n| azannaabn          |a aaa      </controlfield>
  <datafield tag="010" ind1=" " ind2=" ">
    <subfield code="a">n  90654975 </subfield>
  </datafield>
  <datafield tag="035" ind1=" " ind2=" ">
    <subfield code="a">(OCoLC)oca02758205</subfield>
  </datafield>
  <datafield tag="040" ind1=" " ind2=" ">
    <subfield code="a">DLC</subfield>
    <subfield code="b">eng</subfield>
    <subfield code="e">rda</subfield>
    <subfield code="c">DLC</subfield>
    <subfield code="d">DLC</subfield>
    <subfield code="d">CLU</subfield>
    <subfield code="d">NcU</subfield>
  </datafield>
  <datafield tag="046" ind1=" " ind2=" ">
    <subfield code="f">1919-07-16</subfield>
    <subfield code="g">2012-08-20</subfield>
    <subfield code="2">edtf</subfield>
  </datafield>
  <datafield tag="053" ind1=" " ind2="0">
    <subfield code="a">PS3537.A976</subfield>
  </datafield>
  <datafield tag="100" ind1="1" ind2=" ">
    <subfield code="a">Saxton, Alexander</subfield>
  </datafield>
  <datafield tag="370" ind1=" " ind2=" ">
    <subfield code="c">United States</subfield>
    <subfield code="2">naf</subfield>
  </datafield>
  <datafield tag="374" ind1=" " ind2=" ">
    <subfield code="a">Novelists</subfield>
    <subfield code="a">Historians</subfield>
    <subfield code="2">lcsh</subfield>
  </datafield>
  <datafield tag="377" ind1=" " ind2=" ">
    <subfield code="a">eng</subfield>
  </datafield>
  <datafield tag="378" ind1=" " ind2=" ">
    <subfield code="q">Alexander Plaisted</subfield>
  </datafield>
  <datafield tag="400" ind1="1" ind2=" ">
    <subfield code="w">nnaa</subfield>
    <subfield code="a">Saxton, Alexander Plaisted</subfield>
  </datafield>
  <datafield tag="670" ind1=" " ind2=" ">
    <subfield code="a">His The Rise and fall of the white republic, 1990:</subfield>
    <subfield code="b">CIP t.p. (Alexander Saxton)</subfield>
  </datafield>
  <datafield tag="670" ind1=" " ind2=" ">
    <subfield code="a">His The great midland, 1997:</subfield>
    <subfield code="b">CIP t.p. (Alexander Saxton) data sheet (b. 07/16/1919)</subfield>
  </datafield>
  <datafield tag="670" ind1=" " ind2=" ">
    <subfield code="a">LC data base, 6-8-90</subfield>
    <subfield code="b">(hdg.: Saxton, Alexander Plaisted; usage: Alexander Saxton)</subfield>
  </datafield>
  <datafield tag="670" ind1=" " ind2=" ">
    <subfield code="a">New York times WWW site, Sept. 4, 2012</subfield>
    <subfield code="b">(in obituary published Sept. 1: Alexander Saxton; b. Alexander Plaisted Saxton, July 16, 1919, Great Barrington, Mass.; d. Aug. 20, Lone Pine, Calif., aged 93; novelist and historian)</subfield>
  </datafield>
  <datafield tag="953" ind1=" " ind2=" ">
    <subfield code="a">bg03</subfield>
    <subfield code="b">tc04</subfield>
  </datafield>
</record>