
<record>
  <leader>01665cz  a2200337n  4500</leader>
  <controlfield tag="001">736345</controlfield>
  <controlfield tag="003">DLC</controlfield>
  <controlfield tag="005">20200104073251.0</controlfield>
  <controlfield tag="008">910410nc azannaabn          |b aaa      </controlfield>
  <datafield tag="010" ind1=" " ind2=" ">
    <subfield code="a">nr 91012095 </subfield>
  </datafield>
  <datafield tag="035" ind1=" " ind2=" ">
    <subfield code="a">(OCoLC)oca02927479</subfield>
  </datafield>
  <datafield tag="040" ind1=" " ind2=" ">
    <subfield code="a">DLC-R</subfield>
    <subfield code="b">eng</subfield>
    <subfield code="e">rda</subfield>
    <subfield code="c">DLC-R</subfield>
    <subfield code="d">OCoLC</subfield>
    <subfield code="d">HkUST</subfield>
    <subfield code="d">MH</subfield>
  </datafield>
  <datafield tag="046" ind1=" " ind2=" ">
    <subfield code="f">1947-01</subfield>
    <subfield code="2">edtf</subfield>
  </datafield>
  <datafield tag="100" ind1="1" ind2=" ">
    <subfield code="a">Wang, Yijie</subfield>
  </datafield>
  <datafield tag="370" ind1=" " ind2=" ">
    <subfield code="a">Shandong Sheng (China)</subfield>
    <subfield code="f">Zhejiang Sheng (China)</subfield>
    <subfield code="2">naf</subfield>
  </datafield>
  <datafield tag="373" ind1=" " ind2=" ">
    <subfield code="a">Shanghai shi fan da xue. Li shi xi</subfield>
    <subfield code="2">naf</subfield>
    <subfield code="s">1977</subfield>
    <subfield code="t">1979</subfield>
  </datafield>
  <datafield tag="373" ind1=" " ind2=" ">
    <subfield code="a">Fu dan da xue (Shanghai, China)</subfield>
    <subfield code="2">naf</subfield>
    <subfield code="s">1979</subfield>
    <subfield code="t">1981</subfield>
  </datafield>
  <datafield tag="373" ind1=" " ind2=" ">
    <subfield code="a">Virginia State University</subfield>
    <subfield code="2">naf</subfield>
    <subfield code="s">1981</subfield>
    <subfield code="t">1983</subfield>
  </datafield>
  <datafield tag="373" ind1=" " ind2=" ">
    <subfield code="a">Shanghai jiao tong da xue</subfield>
    <subfield code="2">naf</subfield>
    <subfield code="s">1983</subfield>
  </datafield>
  <datafield tag="374" ind1=" " ind2=" ">
    <subfield code="a">University and college faculty members</subfield>
    <subfield code="2">lcdgt</subfield>
  </datafield>
  <datafield tag="375" ind1=" " ind2=" ">
    <subfield code="a">Males</subfield>
    <subfield code="2">lcdgt</subfield>
  </datafield>
  <datafield tag="377" ind1=" " ind2=" ">
    <subfield code="a">chi</subfield>
  </datafield>
  <datafield tag="400" ind1="1" ind2=" ">
    <subfield code="w">nne</subfield>
    <subfield code="a">Wang, I-chieh</subfield>
  </datafield>
  <datafield tag="400" ind1="1" ind2=" ">
    <subfield code="a">王毅捷</subfield>
  </datafield>
  <datafield tag="667" ind1=" " ind2=" ">
    <subfield code="a">Machine-derived non-Latin script reference project.</subfield>
  </datafield>
  <datafield tag="667" ind1=" " ind2=" ">
    <subfield code="a">Non-Latin script reference not evaluated.</subfield>
  </datafield>
  <datafield tag="667" ind1=" " ind2=" ">
    <subfield code="a">Non-Latin script references reviewed in NACO CJK Funnel References Project.</subfield>
  </datafield>
  <datafield tag="670" ind1=" " ind2=" ">
    <subfield code="a">His Chʻuang tang Mei-li-chien, 1989:</subfield>
    <subfield code="b">t.p. (王毅捷 = Wang I-chieh)</subfield>
  </datafield>
  <datafield tag="670" ind1=" " ind2=" ">
    <subfield code="a">Bai du bai ke WWW site, Jan. 21, 2019</subfield>
    <subfield code="b">(王毅捷 = Wang Yijie; male; b. Jan. 1947, Shandong; prof.; native of Zhejiang; director, Shanghai jiao tong da xue cheng shi guan li yan jiu suo; admitted to Shanghai shi fan da xue li shi xi, 1977; admitted to World History Master&apos;s Program at Fu dan da xue, 1979; went to U.S. for studying in 1981; M.A., Meiguo Fujiniya Zhou li da xue; teaching at Shanghai jiao tong da xue since 1983)</subfield>
    <subfield code="u">https://baike.baidu.com/item/%E7%8E%8B%E6%AF%85%E6%8D%B7</subfield>
  </datafield>
  <datafield tag="953" ind1=" " ind2=" ">
    <subfield code="a">xx00</subfield>
  </datafield>
  <datafield tag="985" ind1=" " ind2=" ">
    <subfield code="c">RLIN</subfield>
    <subfield code="e">LSPC</subfield>
  </datafield>
</record>