
<record>
  <leader>00953cz  a2200217n  4500</leader>
  <controlfield tag="001">778138</controlfield>
  <controlfield tag="003">DLC</controlfield>
  <controlfield tag="005">20200104073509.0</controlfield>
  <controlfield tag="008">930909n| azannaabn          |n aaa     c</controlfield>
  <datafield tag="010" ind1=" " ind2=" ">
    <subfield code="a">no 93026735 </subfield>
  </datafield>
  <datafield tag="035" ind1=" " ind2=" ">
    <subfield code="a">(OCoLC)oca03462910</subfield>
  </datafield>
  <datafield tag="040" ind1=" " ind2=" ">
    <subfield code="a">CLU</subfield>
    <subfield code="b">eng</subfield>
    <subfield code="e">rda</subfield>
    <subfield code="c">CLU</subfield>
    <subfield code="d">DLC</subfield>
    <subfield code="d">IAhCCS</subfield>
  </datafield>
  <datafield tag="046" ind1=" " ind2=" ">
    <subfield code="f">1915-06-28</subfield>
    <subfield code="g">1982-07-27</subfield>
    <subfield code="2">edtf</subfield>
  </datafield>
  <datafield tag="100" ind1="1" ind2=" ">
    <subfield code="a">Seymour, Dan,</subfield>
    <subfield code="d">1915-1982</subfield>
  </datafield>
  <datafield tag="370" ind1=" " ind2=" ">
    <subfield code="a">New York (N.Y.)</subfield>
    <subfield code="b">New York (N.Y.)</subfield>
    <subfield code="2">naf</subfield>
  </datafield>
  <datafield tag="374" ind1=" " ind2=" ">
    <subfield code="a">Radio announcing</subfield>
    <subfield code="a">Advertising executives</subfield>
    <subfield code="2">lcsh</subfield>
  </datafield>
  <datafield tag="667" ind1=" " ind2=" ">
    <subfield code="a">Do not identify with: Dan Seymour, actor; 1915-1993.</subfield>
  </datafield>
  <datafield tag="670" ind1=" " ind2=" ">
    <subfield code="a">Halliwell&apos;s filmgoer&apos;s comp., 1988</subfield>
    <subfield code="b">(Seymour, Dan; b. 1915 d. 1982; actor)</subfield>
  </datafield>
  <datafield tag="670" ind1=" " ind2=" ">
    <subfield code="a">Wikipedia, viewed July 23, 2019:</subfield>
    <subfield code="b">(Dan Seymour; born June 28, 1915; died July 27, 1982; announcer in radio and early years of television; later an advertising executive; born and died in New York City; acted as radio announcer in the War of the Worlds broadcast in 1938)</subfield>
  </datafield>
  <datafield tag="953" ind1=" " ind2=" ">
    <subfield code="a">xx00</subfield>
  </datafield>
  <datafield tag="985" ind1=" " ind2=" ">
    <subfield code="c">OCLC</subfield>
    <subfield code="e">LSPC</subfield>
  </datafield>
</record>