
<record>
  <leader>01547cz  a2200325n  4500</leader>
  <controlfield tag="001">799473</controlfield>
  <controlfield tag="003">DLC</controlfield>
  <controlfield tag="005">20200104073520.0</controlfield>
  <controlfield tag="008">940906n| azannaabn          |b aaa      </controlfield>
  <datafield tag="010" ind1=" " ind2=" ">
    <subfield code="a">nr 94029355 </subfield>
  </datafield>
  <datafield tag="035" ind1=" " ind2=" ">
    <subfield code="a">(OCoLC)oca03676398</subfield>
  </datafield>
  <datafield tag="040" ind1=" " ind2=" ">
    <subfield code="a">DLC-R</subfield>
    <subfield code="b">eng</subfield>
    <subfield code="e">rda</subfield>
    <subfield code="c">DLC-R</subfield>
    <subfield code="d">DLC</subfield>
    <subfield code="d">OCoLC</subfield>
    <subfield code="d">NIC</subfield>
    <subfield code="d">IEN</subfield>
    <subfield code="d">CaLaUCEA</subfield>
  </datafield>
  <datafield tag="046" ind1=" " ind2=" ">
    <subfield code="f">1957</subfield>
    <subfield code="2">edtf</subfield>
  </datafield>
  <datafield tag="100" ind1="1" ind2=" ">
    <subfield code="a">Chŏng, I-hwan</subfield>
  </datafield>
  <datafield tag="370" ind1=" " ind2=" ">
    <subfield code="c">Seoul (Korea)</subfield>
    <subfield code="2">naf</subfield>
  </datafield>
  <datafield tag="372" ind1=" " ind2=" ">
    <subfield code="a">Labor market</subfield>
    <subfield code="2">lcsh</subfield>
  </datafield>
  <datafield tag="373" ind1=" " ind2=" ">
    <subfield code="a">Seoul National University of Science and Technology</subfield>
    <subfield code="u">http://en.wikipedia.org/wiki/Seoul_National_University_of_Science_and_Technology</subfield>
    <subfield code="v">Wikipedia</subfield>
  </datafield>
  <datafield tag="374" ind1=" " ind2=" ">
    <subfield code="a">College teachers</subfield>
    <subfield code="2">lcsh</subfield>
  </datafield>
  <datafield tag="375" ind1=" " ind2=" ">
    <subfield code="a">male</subfield>
  </datafield>
  <datafield tag="377" ind1=" " ind2=" ">
    <subfield code="a">kor</subfield>
  </datafield>
  <datafield tag="400" ind1="1" ind2=" ">
    <subfield code="a">정 이환</subfield>
  </datafield>
  <datafield tag="400" ind1="1" ind2=" ">
    <subfield code="a">정이환</subfield>
  </datafield>
  <datafield tag="667" ind1=" " ind2=" ">
    <subfield code="a">Machine-derived non-Latin script reference project.</subfield>
  </datafield>
  <datafield tag="667" ind1=" " ind2=" ">
    <subfield code="a">Non-Latin script references not evaluated.</subfield>
  </datafield>
  <datafield tag="667" ind1=" " ind2=" ">
    <subfield code="a">Non-Latin script references reviewed in NACO CJK Funnel References Project.</subfield>
  </datafield>
  <datafield tag="670" ind1=" " ind2=" ">
    <subfield code="a">Hyŏndae ŭi sahoe kwahak, 1994:</subfield>
    <subfield code="b">t.p. (정 이환 = Chŏng I-hwan) colophon (sahoehak paksa, Sŏul Taehakkyo Taehagwŏn; prof., Sŏul Sanŏp Taehakkyo Kyoyang Hakpu)</subfield>
  </datafield>
  <datafield tag="670" ind1=" " ind2=" ">
    <subfield code="a">Hyŏndae nodong sijang ŭi chŏngch&apos;i sahoehak, 2006:</subfield>
    <subfield code="b">t.p. (정 이환 = Chŏng I-hwan)  ft. flap (b. 1957 in Ch&apos;ungnam Sŏnghwan; Ph.D., Sŏuldae; prof., Sŏul Sanŏp Taehakkyo Kyoyang Hakpu)</subfield>
  </datafield>
  <datafield tag="670" ind1=" " ind2=" ">
    <subfield code="a">Han&apos;guk koyong ch&apos;eje, 2013:</subfield>
    <subfield code="b">title page (정 이환 = Chŏng I-hwan) front flap (Professor of Seoul National University of Science and Technology)</subfield>
  </datafield>
  <datafield tag="953" ind1=" " ind2=" ">
    <subfield code="a">xx00</subfield>
    <subfield code="b">yc14</subfield>
  </datafield>
  <datafield tag="985" ind1=" " ind2=" ">
    <subfield code="c">RLIN</subfield>
    <subfield code="e">LSPC</subfield>
  </datafield>
</record>