
<record>
  <leader>01357cz  a2200337n  4500</leader>
  <controlfield tag="001">813958</controlfield>
  <controlfield tag="003">DLC</controlfield>
  <controlfield tag="005">20200104073522.0</controlfield>
  <controlfield tag="008">950322nc azannaabn          |b aaa     c</controlfield>
  <datafield tag="010" ind1=" " ind2=" ">
    <subfield code="a">nr 95010915 </subfield>
  </datafield>
  <datafield tag="035" ind1=" " ind2=" ">
    <subfield code="a">(OCoLC)oca03802085</subfield>
  </datafield>
  <datafield tag="040" ind1=" " ind2=" ">
    <subfield code="a">NjP</subfield>
    <subfield code="b">eng</subfield>
    <subfield code="e">rda</subfield>
    <subfield code="c">NjP</subfield>
    <subfield code="d">OCoLC</subfield>
    <subfield code="d">HkUST</subfield>
    <subfield code="d">DLC</subfield>
    <subfield code="d">MH</subfield>
  </datafield>
  <datafield tag="046" ind1=" " ind2=" ">
    <subfield code="g">1735</subfield>
  </datafield>
  <datafield tag="100" ind1="1" ind2=" ">
    <subfield code="a">Tian, Zhaoli,</subfield>
    <subfield code="d">-1735</subfield>
  </datafield>
  <datafield tag="400" ind1="1" ind2=" ">
    <subfield code="a">Tian, Cangya,</subfield>
    <subfield code="d">-1735</subfield>
  </datafield>
  <datafield tag="400" ind1="1" ind2=" ">
    <subfield code="a">Tian, Nianshi,</subfield>
    <subfield code="d">-1735</subfield>
  </datafield>
  <datafield tag="400" ind1="1" ind2=" ">
    <subfield code="w">nnea</subfield>
    <subfield code="a">Tian, Zhaoli,</subfield>
    <subfield code="d">d. 1735</subfield>
  </datafield>
  <datafield tag="400" ind1="1" ind2=" ">
    <subfield code="w">nnea</subfield>
    <subfield code="a">Tʻien, Chao-li,</subfield>
    <subfield code="d">d. 1735</subfield>
  </datafield>
  <datafield tag="400" ind1="1" ind2=" ">
    <subfield code="a">Tʻien, Nien-shih,</subfield>
    <subfield code="d">-1735</subfield>
  </datafield>
  <datafield tag="400" ind1="1" ind2=" ">
    <subfield code="a">Tʻien, Tsʻang-ya,</subfield>
    <subfield code="d">-1735</subfield>
  </datafield>
  <datafield tag="400" ind1="1" ind2=" ">
    <subfield code="a">田念始,</subfield>
    <subfield code="d">-1735</subfield>
  </datafield>
  <datafield tag="400" ind1="1" ind2=" ">
    <subfield code="a">田蒼厓,</subfield>
    <subfield code="d">-1735</subfield>
  </datafield>
  <datafield tag="400" ind1="1" ind2=" ">
    <subfield code="a">田肇麗,</subfield>
    <subfield code="d">-1735</subfield>
  </datafield>
  <datafield tag="667" ind1=" " ind2=" ">
    <subfield code="a">Machine-derived non-Latin script reference project.</subfield>
  </datafield>
  <datafield tag="667" ind1=" " ind2=" ">
    <subfield code="a">Non-Latin script references not evaluated.</subfield>
  </datafield>
  <datafield tag="667" ind1=" " ind2=" ">
    <subfield code="a">Non-Latin script references reviewed in NACO CJK Funnel References Project.</subfield>
  </datafield>
  <datafield tag="670" ind1=" " ind2=" ">
    <subfield code="a">Ku huan tʻang shih chi, between 1698 and 1795:</subfield>
    <subfield code="b">Yu huai tʻang shih chi, caption (田肇麗蒼厓 = Tʻien Chao-li Tsʻang-ya, of Chi-nan)</subfield>
  </datafield>
  <datafield tag="670" ind1=" " ind2=" ">
    <subfield code="a">Eminent Chʻing, 1970</subfield>
    <subfield code="b">(under Tʻien Wen: 田肇麗 = Tʻien Chao-li; t. 念始 = Nien-shih; d. 1735)</subfield>
  </datafield>
  <datafield tag="670" ind1=" " ind2=" ">
    <subfield code="a">OCLC #122731630, December 20, 2019</subfield>
    <subfield code="b">(access point: 田肇麗, -1735 = Tian, Zhaoli, -1735; usage: 田肇麗 = Tian Zhaoli)</subfield>
  </datafield>
  <datafield tag="953" ind1=" " ind2=" ">
    <subfield code="a">xx00</subfield>
  </datafield>
  <datafield tag="985" ind1=" " ind2=" ">
    <subfield code="c">RLG</subfield>
    <subfield code="e">LSPC</subfield>
  </datafield>
</record>