
<record>
  <leader>01833cz  a2200229n  4500</leader>
  <controlfield tag="001">814836</controlfield>
  <controlfield tag="003">DLC</controlfield>
  <controlfield tag="005">20200104073521.0</controlfield>
  <controlfield tag="008">950323n| azannaabn          |n aaa     c</controlfield>
  <datafield tag="010" ind1=" " ind2=" ">
    <subfield code="a">no 95014005 </subfield>
  </datafield>
  <datafield tag="035" ind1=" " ind2=" ">
    <subfield code="a">(OCoLC)oca03800005</subfield>
  </datafield>
  <datafield tag="040" ind1=" " ind2=" ">
    <subfield code="a">DJBF</subfield>
    <subfield code="b">eng</subfield>
    <subfield code="e">rda</subfield>
    <subfield code="c">DJBF</subfield>
    <subfield code="d">OU</subfield>
  </datafield>
  <datafield tag="046" ind1=" " ind2=" ">
    <subfield code="f">1905-03-28</subfield>
    <subfield code="g">1994-12-16</subfield>
    <subfield code="2">edtf</subfield>
  </datafield>
  <datafield tag="100" ind1="1" ind2=" ">
    <subfield code="a">Pütz, Theodor,</subfield>
    <subfield code="d">1905-1994</subfield>
  </datafield>
  <datafield tag="370" ind1=" " ind2=" ">
    <subfield code="a">Krefeld (Germany)</subfield>
    <subfield code="b">Innsbruck (Austria)</subfield>
    <subfield code="2">naf</subfield>
  </datafield>
  <datafield tag="374" ind1=" " ind2=" ">
    <subfield code="a">Economists</subfield>
    <subfield code="a">College teachers</subfield>
    <subfield code="2">lcsh</subfield>
  </datafield>
  <datafield tag="375" ind1=" " ind2=" ">
    <subfield code="a">Males</subfield>
    <subfield code="2">lcdgt</subfield>
  </datafield>
  <datafield tag="670" ind1=" " ind2=" ">
    <subfield code="a">Verbände und Wirtschaftspolitik in ... 1966:</subfield>
    <subfield code="b">t.p. (Univ.-Prof. Dr. Theodor Pütz)</subfield>
  </datafield>
  <datafield tag="670" ind1=" " ind2=" ">
    <subfield code="a">OCLC database, 3/23/95</subfield>
    <subfield code="b">(hdg.: Pütz, Theodor, 1905-)</subfield>
  </datafield>
  <datafield tag="670" ind1=" " ind2=" ">
    <subfield code="a">Wikidata via Wikipedia, January 3, 2020</subfield>
    <subfield code="b">(alias: Theodor Putz; sex or gender: male; LCAuth identifier: no95014005; VIAF identifier: 153033116; GND identifier: 118742914; ISNI (P213): 0000000118567548; place of birth: Krefeld; place of death: Innsbruck; country of citizenship: Germany, Austria; instance of: human; date of birth: +1905-03-28T00:00:00Z; date of death: +1994-12-16T00:00:00Z; employer: University of Vienna, University of Innsbruck; occupation: economist, university teacher; given name: Theodor; NTA identifier (Netherlands): 07256833X; academic degree: doctorate; languages spoken or published: German; surname: Pütz; educated at: Ludwig Maximilian University of Munich; SUDOC authorities: 096683570; description/label: deutsch-österreichischer Nationalökonom, Duits econoom , eacnamaí Gearmánach, economist german, economista alemán, economista alemany, économiste allemand, ekonomist gjerman, German economist, professor académico alemão, Saksamaa majandusteadlane, tysk professor, כלכלן גרמני, عالم اقتصاد ألماني)</subfield>
    <subfield code="u">http://www.wikidata.org/entity/Q1750872</subfield>
  </datafield>
  <datafield tag="953" ind1=" " ind2=" ">
    <subfield code="a">xx00</subfield>
  </datafield>
  <datafield tag="985" ind1=" " ind2=" ">
    <subfield code="c">OCLC</subfield>
    <subfield code="e">LSPC</subfield>
  </datafield>
</record>