
<record>
  <leader>01083cz  a2200289n  4500</leader>
  <controlfield tag="001">823389</controlfield>
  <controlfield tag="003">DLC</controlfield>
  <controlfield tag="005">20200104073515.0</controlfield>
  <controlfield tag="008">951130n| azannaabn          |a aaa     c</controlfield>
  <datafield tag="010" ind1=" " ind2=" ">
    <subfield code="a">nr 95044265 </subfield>
  </datafield>
  <datafield tag="035" ind1=" " ind2=" ">
    <subfield code="a">(OCoLC)oca03980142</subfield>
  </datafield>
  <datafield tag="040" ind1=" " ind2=" ">
    <subfield code="a">CtY-Mus</subfield>
    <subfield code="b">eng</subfield>
    <subfield code="e">rda</subfield>
    <subfield code="c">CtY-Mus</subfield>
    <subfield code="d">PPi-MA</subfield>
    <subfield code="d">NjP</subfield>
    <subfield code="d">DLC</subfield>
    <subfield code="d">PPi-MA</subfield>
  </datafield>
  <datafield tag="046" ind1=" " ind2=" ">
    <subfield code="k">1960</subfield>
    <subfield code="2">edtf</subfield>
  </datafield>
  <datafield tag="100" ind1="1" ind2=" ">
    <subfield code="a">Feldman, Morton,</subfield>
    <subfield code="d">1926-1987.</subfield>
    <subfield code="t">Durations,</subfield>
    <subfield code="n">no. 2</subfield>
  </datafield>
  <datafield tag="380" ind1=" " ind2=" ">
    <subfield code="a">Chamber music</subfield>
    <subfield code="2">lcgft</subfield>
  </datafield>
  <datafield tag="382" ind1="0" ind2=" ">
    <subfield code="a">cello</subfield>
    <subfield code="n">1</subfield>
    <subfield code="a">piano</subfield>
    <subfield code="n">1</subfield>
    <subfield code="s">2</subfield>
    <subfield code="2">lcmpt</subfield>
  </datafield>
  <datafield tag="383" ind1=" " ind2=" ">
    <subfield code="a">no. 2</subfield>
  </datafield>
  <datafield tag="400" ind1="1" ind2=" ">
    <subfield code="a">Feldman, Morton,</subfield>
    <subfield code="d">1926-1987.</subfield>
    <subfield code="t">Durations 2</subfield>
  </datafield>
  <datafield tag="400" ind1="1" ind2=" ">
    <subfield code="a">Feldman, Morton,</subfield>
    <subfield code="d">1926-1987.</subfield>
    <subfield code="t">Durations two</subfield>
  </datafield>
  <datafield tag="400" ind1="1" ind2=" ">
    <subfield code="a">Feldman, Morton,</subfield>
    <subfield code="d">1926-1987.</subfield>
    <subfield code="t">Duration 2</subfield>
  </datafield>
  <datafield tag="400" ind1="1" ind2=" ">
    <subfield code="a">Feldman, Morton,</subfield>
    <subfield code="d">1926-1987.</subfield>
    <subfield code="t">Duration two</subfield>
  </datafield>
  <datafield tag="670" ind1=" " ind2=" ">
    <subfield code="a">Feldman, M. Durations 2, c1961.</subfield>
  </datafield>
  <datafield tag="670" ind1=" " ind2=" ">
    <subfield code="a">Blum, E. The New York School [SR] p1992:</subfield>
    <subfield code="b">insert (Duration 2 : for violoncello and piano (1960))</subfield>
  </datafield>
  <datafield tag="670" ind1=" " ind2=" ">
    <subfield code="a">New Grove dict. of Amer. mus.</subfield>
    <subfield code="b">(Durations ... II, vc, pf, 1960)</subfield>
  </datafield>
  <datafield tag="670" ind1=" " ind2=" ">
    <subfield code="a">Chamber music, 2019:</subfield>
    <subfield code="b">container (Durations 2 : 1960; for cello and piano)</subfield>
  </datafield>
  <datafield tag="953" ind1=" " ind2=" ">
    <subfield code="a">xx00</subfield>
  </datafield>
  <datafield tag="985" ind1=" " ind2=" ">
    <subfield code="c">RLG</subfield>
    <subfield code="e">LSPC</subfield>
  </datafield>
</record>