
<record>
  <leader>01416cz  a2200325n  4500</leader>
  <controlfield tag="001">960376</controlfield>
  <controlfield tag="003">DLC</controlfield>
  <controlfield tag="005">20200104073355.0</controlfield>
  <controlfield tag="008">790710n| azannaabn          |a aaa      </controlfield>
  <datafield tag="010" ind1=" " ind2=" ">
    <subfield code="a">n  79073934 </subfield>
  </datafield>
  <datafield tag="035" ind1=" " ind2=" ">
    <subfield code="a">(OCoLC)oca00306671</subfield>
  </datafield>
  <datafield tag="040" ind1=" " ind2=" ">
    <subfield code="a">DLC</subfield>
    <subfield code="b">eng</subfield>
    <subfield code="e">rda</subfield>
    <subfield code="c">DLC</subfield>
    <subfield code="d">OCoLC</subfield>
    <subfield code="d">DLC</subfield>
    <subfield code="d">CU-I</subfield>
  </datafield>
  <datafield tag="046" ind1=" " ind2=" ">
    <subfield code="f">1937-10-14</subfield>
    <subfield code="2">edtf</subfield>
  </datafield>
  <datafield tag="053" ind1=" " ind2="0">
    <subfield code="a">PK2098.28.Y26</subfield>
    <subfield code="c">Hindi</subfield>
  </datafield>
  <datafield tag="100" ind1="0" ind2=" ">
    <subfield code="a">Māyā Śabanama,</subfield>
    <subfield code="d">1937-</subfield>
  </datafield>
  <datafield tag="370" ind1=" " ind2=" ">
    <subfield code="a">Sultānpur (India : District)</subfield>
    <subfield code="2">naf</subfield>
  </datafield>
  <datafield tag="372" ind1=" " ind2=" ">
    <subfield code="a">Hindi literature</subfield>
    <subfield code="2">lcsh</subfield>
  </datafield>
  <datafield tag="374" ind1=" " ind2=" ">
    <subfield code="a">Authors, Hindi</subfield>
    <subfield code="2">lcsh</subfield>
  </datafield>
  <datafield tag="375" ind1=" " ind2=" ">
    <subfield code="a">female</subfield>
  </datafield>
  <datafield tag="377" ind1=" " ind2=" ">
    <subfield code="a">hin</subfield>
  </datafield>
  <datafield tag="400" ind1="1" ind2=" ">
    <subfield code="a">Śabanama, Māyā,</subfield>
    <subfield code="d">1937-</subfield>
  </datafield>
  <datafield tag="400" ind1="1" ind2=" ">
    <subfield code="a">Śrīvāstava, Māyā,</subfield>
    <subfield code="d">1937-</subfield>
  </datafield>
  <datafield tag="400" ind1="0" ind2=" ">
    <subfield code="a">Māyā Śrīvāstava,</subfield>
    <subfield code="d">1937-</subfield>
  </datafield>
  <datafield tag="400" ind1="1" ind2=" ">
    <subfield code="a">Śabanama, Māyā Śrīvāstava,</subfield>
    <subfield code="d">1937-</subfield>
  </datafield>
  <datafield tag="400" ind1="0" ind2=" ">
    <subfield code="a">Māyā Śrīvāstava Śabanama,</subfield>
    <subfield code="d">1937-</subfield>
  </datafield>
  <datafield tag="400" ind1="0" ind2=" ">
    <subfield code="a">Maya Shabnam,</subfield>
    <subfield code="d">1937-</subfield>
  </datafield>
  <datafield tag="670" ind1=" " ind2=" ">
    <subfield code="a">His Aparājitā Sītā, 1978:</subfield>
    <subfield code="b">t.p. (Māyā &quot;Sabanama&quot;)</subfield>
  </datafield>
  <datafield tag="670" ind1=" " ind2=" ">
    <subfield code="a">Info. from New Delhi Office</subfield>
    <subfield code="b">(Māyā Śabanama; b. 1937)</subfield>
  </datafield>
  <datafield tag="670" ind1=" " ind2=" ">
    <subfield code="a">Her Madhyakālīna pramukha santoṃ meṃ aprastuta yojanā, 1983:</subfield>
    <subfield code="b">t.p. (Māyā Śrīvāstva &quot;Śabanama&quot;)</subfield>
  </datafield>
  <datafield tag="670" ind1=" " ind2=" ">
    <subfield code="a">Māyā &quot;Śabanama&quot; ke sāhitya meṃ sāmājika cetanā, 2017:</subfield>
    <subfield code="b">t.p. (Māyā &quot;Śabanama&quot;) t.p. verso (Maya &quot;Shabnam&quot;) p. 11 (Hindi author) p. 12 (postgraduation in Hindi, Sanskrit, and history; born October 14, 1937, Sultanpur district, Uttar Pradesh)</subfield>
  </datafield>
</record>