
<record>
  <leader>01592cz  a2200289n  4500</leader>
  <controlfield tag="001">965106</controlfield>
  <controlfield tag="003">DLC</controlfield>
  <controlfield tag="005">20200104073359.0</controlfield>
  <controlfield tag="008">791031nc azannaabn          |b aaa      </controlfield>
  <datafield tag="010" ind1=" " ind2=" ">
    <subfield code="a">n  79123804 </subfield>
    <subfield code="z">no 95014416 </subfield>
  </datafield>
  <datafield tag="035" ind1=" " ind2=" ">
    <subfield code="a">(OCoLC)oca00355386</subfield>
  </datafield>
  <datafield tag="040" ind1=" " ind2=" ">
    <subfield code="a">DLC</subfield>
    <subfield code="b">eng</subfield>
    <subfield code="e">rda</subfield>
    <subfield code="c">DLC</subfield>
    <subfield code="d">DLC-R</subfield>
    <subfield code="d">OCoLC</subfield>
    <subfield code="d">DLC</subfield>
    <subfield code="d">OCoLC</subfield>
    <subfield code="d">DLC</subfield>
    <subfield code="d">InU</subfield>
    <subfield code="d">MH</subfield>
  </datafield>
  <datafield tag="046" ind1=" " ind2=" ">
    <subfield code="f">1956</subfield>
  </datafield>
  <datafield tag="100" ind1="1" ind2=" ">
    <subfield code="a">Tang, Dezong</subfield>
  </datafield>
  <datafield tag="400" ind1="1" ind2=" ">
    <subfield code="w">nne</subfield>
    <subfield code="a">Tʻang, Te-tsung</subfield>
  </datafield>
  <datafield tag="400" ind1="1" ind2=" ">
    <subfield code="a">Tang, Dennis Te-Chung</subfield>
  </datafield>
  <datafield tag="400" ind1="1" ind2=" ">
    <subfield code="a">湯徳宗</subfield>
  </datafield>
  <datafield tag="400" ind1="1" ind2=" ">
    <subfield code="a">湯德宗</subfield>
  </datafield>
  <datafield tag="667" ind1=" " ind2=" ">
    <subfield code="a">Machine-derived non-Latin script reference project.</subfield>
  </datafield>
  <datafield tag="667" ind1=" " ind2=" ">
    <subfield code="a">Non-Latin script references not evaluated.</subfield>
  </datafield>
  <datafield tag="667" ind1=" " ind2=" ">
    <subfield code="a">Non-Latin script references reviewed in NACO CJK Funnel References Project.</subfield>
  </datafield>
  <datafield tag="670" ind1=" " ind2=" ">
    <subfield code="a">Ma, L. M. Fa lü ming tzʻu chieh shih shou tsʻe, 1979 (a.e.)</subfield>
    <subfield code="b">t.p. (湯徳宗 = Tʻang Te-tsung)</subfield>
  </datafield>
  <datafield tag="670" ind1=" " ind2=" ">
    <subfield code="a">His Mei-kuo huan ching fa lun chi, 1990:</subfield>
    <subfield code="b">t.p. (湯徳宗 = Tʻang Te-tsung) colophon (B.A., Tʻai ta fa lü hsi; M.A., Tʻai ta fa lü yen chiu so; M.A., Harvard Univ.; Ph.D., Mei-kuo Tu-lan ta hsüeh; asst. researcher, Chung yang yen chiu yüan Mei-kuo wen hua yen chiu so; asst. prof., Tʻai ta San min chu i yen chiu so)</subfield>
  </datafield>
  <datafield tag="670" ind1=" " ind2=" ">
    <subfield code="a">On the feasibility of economic incentives ... c1990 [Slightly revised version of the author&apos;s thesis (SJD)--Tulane University, 1989]:</subfield>
    <subfield code="b">t.p. (Dennis Te-Chung Tang)</subfield>
  </datafield>
  <datafield tag="670" ind1=" " ind2=" ">
    <subfield code="a">His Xing zheng cheng xu fa lun, 2005:</subfield>
    <subfield code="b">t.p. (湯徳宗 = Tong Dezong) vita (b. 1956 in Taipei)</subfield>
  </datafield>
  <datafield tag="670" ind1=" " ind2=" ">
    <subfield code="a">LC database, November 18, 2019</subfield>
    <subfield code="b">(access point: 湯德宗 = Tang, Dezong; usage: 湯德宗 = Tang Dezong)</subfield>
  </datafield>
  <datafield tag="953" ind1=" " ind2=" ">
    <subfield code="a">bl07</subfield>
    <subfield code="b">xg07</subfield>
  </datafield>
</record>