
<record>
  <leader>02219cz  a2200217n  4500</leader>
  <controlfield tag="001">966522</controlfield>
  <controlfield tag="003">DLC</controlfield>
  <controlfield tag="005">20200104073635.0</controlfield>
  <controlfield tag="008">800213n| azannaabn          |n aaa      </controlfield>
  <datafield tag="010" ind1=" " ind2=" ">
    <subfield code="a">n  79138624 </subfield>
  </datafield>
  <datafield tag="035" ind1=" " ind2=" ">
    <subfield code="a">(OCoLC)oca00369899</subfield>
  </datafield>
  <datafield tag="040" ind1=" " ind2=" ">
    <subfield code="a">DLC</subfield>
    <subfield code="b">eng</subfield>
    <subfield code="e">rda</subfield>
    <subfield code="c">DLC</subfield>
    <subfield code="d">OU</subfield>
  </datafield>
  <datafield tag="046" ind1=" " ind2=" ">
    <subfield code="f">1902-02-14</subfield>
    <subfield code="g">1987-12-26</subfield>
    <subfield code="2">edtf</subfield>
  </datafield>
  <datafield tag="100" ind1="1" ind2=" ">
    <subfield code="a">Vossler, Otto,</subfield>
    <subfield code="d">1902-1987</subfield>
  </datafield>
  <datafield tag="370" ind1=" " ind2=" ">
    <subfield code="a">Heidelberg (Germany)</subfield>
    <subfield code="b">Frankfurt am Main (Germany)</subfield>
    <subfield code="2">naf</subfield>
  </datafield>
  <datafield tag="374" ind1=" " ind2=" ">
    <subfield code="a">Historians</subfield>
    <subfield code="a">German teachers</subfield>
    <subfield code="2">lcsh</subfield>
  </datafield>
  <datafield tag="375" ind1=" " ind2=" ">
    <subfield code="a">Males</subfield>
    <subfield code="2">lcdgt</subfield>
  </datafield>
  <datafield tag="670" ind1=" " ind2=" ">
    <subfield code="a">His Mazzinis politiscies denken und wollen in den glistigen strömungen seinerzeit, 1927.</subfield>
  </datafield>
  <datafield tag="670" ind1=" " ind2=" ">
    <subfield code="a">Wikidata via Wikipedia, January 3, 2020</subfield>
    <subfield code="b">(alias: Otto Vossler; LCAuth identifier: n79138624; VIAF identifier: 110201846; GND identifier: 117451452; ISNI (P213): 0000000081759342; place of birth: Heidelberg; place of death: Frankfurt; country of citizenship: Germany; instance of: human; date of birth: +1902-02-14T00:00:00Z; date of death: +1987-12-26T00:00:00Z; employer: Goethe University Frankfurt, Leipzig University; given name: Otto; NTA identifier (Netherlands): 069557195; occupation: historian, university teacher; Catalogus Professorum Lipsiensis ID (P3409): Vossler_363; Saxon Academy of Sciences member ID (P3411): vosslero; member of: Saxon Academy of Sciences, Saxon Academy of Sciences; father: Karl Vossler; work location: Leipzig; languages spoken or published: German; NUKAT authorities: n2014144843; NLI (Israel) identifier: 000424789; NKC identifier: xx0190741; BAV (Vatican Library) identifier: ADV11235210; Open Library identifier: OL149468A; Goodreads author ID (P2963): 1970388; Freebase identifier: /m/0c3cf9d; SHARE Catalogue author ID (P3987): 160270; SUDOC authorities: 10057596X; sex or gender: male; PUSC author ID (P5739): 83061; described by source: Frankfurter Personenlexikon; description/label: deutscher Neuzeithistoriker, Duits historicus , German historian, germana historiisto, historiador alemán, historiador alemany, historian gjerman, historien allemand, istoric german, Saksamaa ajaloolane, staraí Gearmánach, tysk professor, היסטוריון גרמני, مؤرخ ألماني)</subfield>
    <subfield code="u">http://www.wikidata.org/entity/Q2040868</subfield>
  </datafield>
  <datafield tag="952" ind1=" " ind2=" ">
    <subfield code="a">RETRO</subfield>
  </datafield>
  <datafield tag="953" ind1=" " ind2=" ">
    <subfield code="a">xx00</subfield>
  </datafield>
</record>