
<record>
  <leader>01874cz  a2200217n  4500</leader>
  <controlfield tag="001">980296</controlfield>
  <controlfield tag="003">DLC</controlfield>
  <controlfield tag="005">20200104073637.0</controlfield>
  <controlfield tag="008">801020n| azannaabn          |n aaa      </controlfield>
  <datafield tag="010" ind1=" " ind2=" ">
    <subfield code="a">n  80132104 </subfield>
  </datafield>
  <datafield tag="035" ind1=" " ind2=" ">
    <subfield code="a">(OCoLC)oca00512462</subfield>
  </datafield>
  <datafield tag="040" ind1=" " ind2=" ">
    <subfield code="a">DLC</subfield>
    <subfield code="b">eng</subfield>
    <subfield code="e">rda</subfield>
    <subfield code="c">DLC</subfield>
    <subfield code="d">OU</subfield>
  </datafield>
  <datafield tag="046" ind1=" " ind2=" ">
    <subfield code="f">1906-05-01</subfield>
    <subfield code="g">1981-04-18</subfield>
    <subfield code="2">edtf</subfield>
  </datafield>
  <datafield tag="100" ind1="1" ind2=" ">
    <subfield code="a">Beck, Adolf,</subfield>
    <subfield code="d">1906-1981</subfield>
  </datafield>
  <datafield tag="370" ind1=" " ind2=" ">
    <subfield code="a">Ludwigsburg (Germany)</subfield>
    <subfield code="b">Tübingen (Germany)</subfield>
    <subfield code="2">naf</subfield>
  </datafield>
  <datafield tag="374" ind1=" " ind2=" ">
    <subfield code="a">Philologists</subfield>
    <subfield code="a">College teachers</subfield>
    <subfield code="2">lcsh</subfield>
  </datafield>
  <datafield tag="375" ind1=" " ind2=" ">
    <subfield code="a">Males</subfield>
    <subfield code="2">lcdgt</subfield>
  </datafield>
  <datafield tag="670" ind1=" " ind2=" ">
    <subfield code="a">His Goethe und der olympische Gedanke, 1936.</subfield>
  </datafield>
  <datafield tag="670" ind1=" " ind2=" ">
    <subfield code="a">Wikidata via Wikipedia, January 3, 2020</subfield>
    <subfield code="b">(alias: A. Beck, Adolf Beck; instance of: human; date of death: +1981-04-18T00:00:00Z, +1981-00-00T00:00:00Z; date of birth: +1906-05-01T00:00:00Z; occupation: philologist, university teacher; country of citizenship: Germany; sex or gender: male; employer: University of Hamburg, University of Amsterdam; award received: Schiller Prize of Marbach; place of birth: Ludwigsburg; place of death: Tübingen; GND identifier: 118507982; LCAuth identifier: n80132104; VIAF identifier: 100961811; NTA identifier (Netherlands): 069016615; given name: Adolf; work location: Berlin, Hamburg; described by source: Hamburg Biographies; People Australia identifier: 1300931; ISNI (P213): 0000000109291690; Open Library identifier: OL1638562A; SHARE Catalogue author ID (P3987): 189115; surname: Beck; BnF identifier: 12028424w; SUDOC authorities: 028451848; languages spoken or published: German; FAST-ID: 62168; University of Amsterdam Album Academicum ID (P6815): id002293; description/label: deutscher Germanist und Hölderlin-Experte, dosen, Duits filoloog , filólogo alemán, German philologist, professeur d&apos;université, professor académico alemão, professore universitario, tysk professor)</subfield>
    <subfield code="u">http://www.wikidata.org/entity/Q15243554</subfield>
  </datafield>
  <datafield tag="952" ind1=" " ind2=" ">
    <subfield code="a">RETRO</subfield>
  </datafield>
  <datafield tag="953" ind1=" " ind2=" ">
    <subfield code="a">xx00</subfield>
  </datafield>
</record>