
<record>
  <leader>01956cz  a2200337n  4500</leader>
  <controlfield tag="001">986983</controlfield>
  <controlfield tag="003">DLC</controlfield>
  <controlfield tag="005">20200104073406.0</controlfield>
  <controlfield tag="008">811022n| azannaabn          |b aaa      </controlfield>
  <datafield tag="010" ind1=" " ind2=" ">
    <subfield code="a">n  81035774 </subfield>
  </datafield>
  <datafield tag="035" ind1=" " ind2=" ">
    <subfield code="a">(OCoLC)oca00581422</subfield>
  </datafield>
  <datafield tag="040" ind1=" " ind2=" ">
    <subfield code="a">DLC</subfield>
    <subfield code="b">eng</subfield>
    <subfield code="e">rda</subfield>
    <subfield code="c">DLC</subfield>
    <subfield code="d">DLC</subfield>
    <subfield code="d">OCoLC</subfield>
    <subfield code="d">WU</subfield>
    <subfield code="d">OU</subfield>
    <subfield code="d">WU</subfield>
  </datafield>
  <datafield tag="046" ind1=" " ind2=" ">
    <subfield code="f">1902-08-01</subfield>
    <subfield code="g">1994-01-08</subfield>
    <subfield code="2">edtf</subfield>
  </datafield>
  <datafield tag="053" ind1=" " ind2="0">
    <subfield code="a">PG3476.Z96</subfield>
  </datafield>
  <datafield tag="100" ind1="1" ind2=" ">
    <subfield code="a">Sedykh, Andreĭ,</subfield>
    <subfield code="d">1902-1994</subfield>
  </datafield>
  <datafield tag="370" ind1=" " ind2=" ">
    <subfield code="a">Feodosii︠a︡ (Ukraine)</subfield>
    <subfield code="b">New York (N.Y.)</subfield>
    <subfield code="e">France</subfield>
    <subfield code="2">naf</subfield>
  </datafield>
  <datafield tag="374" ind1=" " ind2=" ">
    <subfield code="a">Authors, Russian</subfield>
    <subfield code="a">Journalists</subfield>
    <subfield code="a">Critics</subfield>
    <subfield code="a">Editors</subfield>
    <subfield code="2">lcsh</subfield>
  </datafield>
  <datafield tag="375" ind1=" " ind2=" ">
    <subfield code="a">Males</subfield>
    <subfield code="2">lcdgt</subfield>
  </datafield>
  <datafield tag="377" ind1=" " ind2=" ">
    <subfield code="a">rus</subfield>
  </datafield>
  <datafield tag="400" ind1="1" ind2=" ">
    <subfield code="a">Седых, Андрей,</subfield>
    <subfield code="d">1902-1994</subfield>
  </datafield>
  <datafield tag="400" ind1="1" ind2=" ">
    <subfield code="a">Sedich, Andrei,</subfield>
    <subfield code="d">1902-1994</subfield>
  </datafield>
  <datafield tag="400" ind1="1" ind2=" ">
    <subfield code="a">Sedych, Andrei,</subfield>
    <subfield code="d">1902-1994</subfield>
  </datafield>
  <datafield tag="400" ind1="1" ind2=" ">
    <subfield code="a">Si︠e︡dykh, Andreĭ,</subfield>
    <subfield code="d">1902-1994</subfield>
  </datafield>
  <datafield tag="400" ind1="1" ind2=" ">
    <subfield code="a">T︠S︡vibak, I︠A︡kov Moiseevich,</subfield>
    <subfield code="d">1902-1994</subfield>
  </datafield>
  <datafield tag="400" ind1="1" ind2=" ">
    <subfield code="w">nnaa</subfield>
    <subfield code="a">Zwibak, Jacques,</subfield>
    <subfield code="d">1902-</subfield>
  </datafield>
  <datafield tag="400" ind1="1" ind2=" ">
    <subfield code="a">Zwibak, Jacques,</subfield>
    <subfield code="d">1902-1994</subfield>
  </datafield>
  <datafield tag="667" ind1=" " ind2=" ">
    <subfield code="a">Non-Latin script reference not evaluated.</subfield>
  </datafield>
  <datafield tag="670" ind1=" " ind2=" ">
    <subfield code="a">Author&apos;s Doroga cherez okean ... 1942.</subfield>
  </datafield>
  <datafield tag="670" ind1=" " ind2=" ">
    <subfield code="a">Wikidata via Wikipedia, January 29, 2019</subfield>
    <subfield code="b">(instance of: human; date of birth: +1902-08-01T00:00:00Z; date of death: +1994-01-08T00:00:00Z; place of birth: Feodosiya; place of death: New York City; sex or gender: male; VIAF identifier: 98198535; occupation: writer, journalist; genre: ocherk, memoir; ISNI (P213): 0000000109282129; GND identifier: 1090114583; LCAuth identifier: n81035774; SELIBR: 229406; BIBSYS identifier: 98051718; NUKAT authorities: n96023297; given name: Andrei; LNB identifier: 000215998; NTA identifier (Netherlands): 072263946; country of citizenship: France; position held: editor-in-chief; BnF identifier: 13479186q; SUDOC authorities: 035297182; FAST-ID: 70372; BNE identifier: XX1161523; Libris-URI (P5587): b8nqsbqv0zq0crh; description/label: Andrey Sedykh, Андрей Седых)</subfield>
    <subfield code="u">http://www.wikidata.org/entity/Q4065854</subfield>
  </datafield>
  <datafield tag="952" ind1=" " ind2=" ">
    <subfield code="a">RETRO</subfield>
  </datafield>
  <datafield tag="953" ind1=" " ind2=" ">
    <subfield code="a">xx00</subfield>
    <subfield code="b">zz00</subfield>
  </datafield>
</record>