
<record>
  <leader>02349cz  a2200553n  4500</leader>
  <controlfield tag="001">990780</controlfield>
  <controlfield tag="003">DLC</controlfield>
  <controlfield tag="005">20200104073408.0</controlfield>
  <controlfield tag="008">811118nc azannaabn          |b aaa      </controlfield>
  <datafield tag="010" ind1=" " ind2=" ">
    <subfield code="a">n  81074694 </subfield>
  </datafield>
  <datafield tag="035" ind1=" " ind2=" ">
    <subfield code="a">(OCoLC)oca00619991</subfield>
  </datafield>
  <datafield tag="040" ind1=" " ind2=" ">
    <subfield code="a">DLC</subfield>
    <subfield code="b">eng</subfield>
    <subfield code="e">rda</subfield>
    <subfield code="c">DLC</subfield>
    <subfield code="d">DLC</subfield>
    <subfield code="d">DLC-R</subfield>
    <subfield code="d">NjP</subfield>
    <subfield code="d">OCoLC</subfield>
    <subfield code="d">DLC</subfield>
    <subfield code="d">HU</subfield>
    <subfield code="d">OCoLC</subfield>
    <subfield code="d">DLC</subfield>
    <subfield code="d">MH</subfield>
    <subfield code="d">DLC</subfield>
    <subfield code="d">MH</subfield>
  </datafield>
  <datafield tag="046" ind1=" " ind2=" ">
    <subfield code="f">0372?</subfield>
    <subfield code="g">0427</subfield>
    <subfield code="2">edtf</subfield>
  </datafield>
  <datafield tag="053" ind1=" " ind2="0">
    <subfield code="a">PL2665.T3</subfield>
  </datafield>
  <datafield tag="100" ind1="1" ind2=" ">
    <subfield code="a">Tao, Qian,</subfield>
    <subfield code="d">372?-427</subfield>
  </datafield>
  <datafield tag="400" ind1="1" ind2=" ">
    <subfield code="w">nne</subfield>
    <subfield code="a">Tʻao, Chʻien,</subfield>
    <subfield code="d">372?-427</subfield>
  </datafield>
  <datafield tag="400" ind1="1" ind2=" ">
    <subfield code="a">Tao, Jingjie,</subfield>
    <subfield code="d">372?-427</subfield>
  </datafield>
  <datafield tag="400" ind1="1" ind2=" ">
    <subfield code="a">Tao, Yuanliang,</subfield>
    <subfield code="d">372?-427</subfield>
  </datafield>
  <datafield tag="400" ind1="1" ind2=" ">
    <subfield code="a">Tao, Pengze,</subfield>
    <subfield code="d">372?-427</subfield>
  </datafield>
  <datafield tag="400" ind1="1" ind2=" ">
    <subfield code="a">To, Yŏn-myŏng,</subfield>
    <subfield code="d">372?-427</subfield>
  </datafield>
  <datafield tag="400" ind1="1" ind2=" ">
    <subfield code="a">Tʻao, Tsʻien,</subfield>
    <subfield code="d">372?-427</subfield>
  </datafield>
  <datafield tag="400" ind1="1" ind2=" ">
    <subfield code="a">Tʻao, Yüan-ming,</subfield>
    <subfield code="d">372?-427</subfield>
  </datafield>
  <datafield tag="400" ind1="1" ind2=" ">
    <subfield code="a">Tʻao, Ching-chieh,</subfield>
    <subfield code="d">372?-427</subfield>
  </datafield>
  <datafield tag="400" ind1="1" ind2=" ">
    <subfield code="a">Tao, I︠U︡anʹ-min,</subfield>
    <subfield code="d">372?-427</subfield>
  </datafield>
  <datafield tag="400" ind1="1" ind2=" ">
    <subfield code="a">Taur, Chyan,</subfield>
    <subfield code="d">372?-427</subfield>
  </datafield>
  <datafield tag="400" ind1="1" ind2=" ">
    <subfield code="a">Tō, Sen,</subfield>
    <subfield code="d">372?-427</subfield>
  </datafield>
  <datafield tag="400" ind1="1" ind2=" ">
    <subfield code="a">Tō, Emmei,</subfield>
    <subfield code="d">372?-427</subfield>
  </datafield>
  <datafield tag="400" ind1="1" ind2=" ">
    <subfield code="a">Tō, Enmei,</subfield>
    <subfield code="d">372?-427</subfield>
  </datafield>
  <datafield tag="400" ind1="1" ind2=" ">
    <subfield code="a">Tʻao, Yüan-liang,</subfield>
    <subfield code="d">372?-427</subfield>
  </datafield>
  <datafield tag="400" ind1="1" ind2=" ">
    <subfield code="a">Tʻao, Pʻeng-tse,</subfield>
    <subfield code="d">372?-427</subfield>
  </datafield>
  <datafield tag="400" ind1="1" ind2=" ">
    <subfield code="a">Tao, Yuanming,</subfield>
    <subfield code="d">372?-427</subfield>
  </datafield>
  <datafield tag="400" ind1="0" ind2=" ">
    <subfield code="a">Wuliuxiansheng,</subfield>
    <subfield code="d">372?-427</subfield>
  </datafield>
  <datafield tag="400" ind1="1" ind2=" ">
    <subfield code="a">陶淵明,</subfield>
    <subfield code="d">372?-427</subfield>
  </datafield>
  <datafield tag="400" ind1="1" ind2=" ">
    <subfield code="a">陶渊明,</subfield>
    <subfield code="d">372?-427</subfield>
  </datafield>
  <datafield tag="400" ind1="1" ind2=" ">
    <subfield code="a">陶潛,</subfield>
    <subfield code="d">372?-427</subfield>
  </datafield>
  <datafield tag="400" ind1="1" ind2=" ">
    <subfield code="a">陶潜,</subfield>
    <subfield code="d">372?-427</subfield>
  </datafield>
  <datafield tag="400" ind1="1" ind2=" ">
    <subfield code="a">陶濳,</subfield>
    <subfield code="d">372?-427</subfield>
  </datafield>
  <datafield tag="400" ind1="1" ind2=" ">
    <subfield code="a">도연명,</subfield>
    <subfield code="d">372?-427</subfield>
  </datafield>
  <datafield tag="667" ind1=" " ind2=" ">
    <subfield code="a">Machine-derived non-Latin script reference project.</subfield>
  </datafield>
  <datafield tag="667" ind1=" " ind2=" ">
    <subfield code="a">Non-Latin script references not evaluated.</subfield>
  </datafield>
  <datafield tag="667" ind1=" " ind2=" ">
    <subfield code="a">Non-Latin script references reviewed in NACO CJK Funnel References Project.</subfield>
  </datafield>
  <datafield tag="670" ind1=" " ind2=" ">
    <subfield code="a">His To Yŏn-myŏng si chŏnjip, 1976:</subfield>
    <subfield code="b">v. 1, t.p. (To Yŏn-myŏng)</subfield>
  </datafield>
  <datafield tag="670" ind1=" " ind2=" ">
    <subfield code="a">Sung, C.L. Tʻao Yüan-ming shih shuo, 1984:</subfield>
    <subfield code="b">p. 1, 3rd group (Tʻao Yüan-ming; Chʻien; b. 365)</subfield>
  </datafield>
  <datafield tag="670" ind1=" " ind2=" ">
    <subfield code="a">His The complete works of Tao Yuanming, 1992:</subfield>
    <subfield code="b">t.p. (Tʻao Yüan-ming ... [in chi.])</subfield>
  </datafield>
  <datafield tag="670" ind1=" " ind2=" ">
    <subfield code="a">Tʻao Yüan-ming chih jen pʻin yü shih pʻin, 1993:</subfield>
    <subfield code="b">p. 547, etc. (Tʻao Ching-chieh; b. 372 (Chin Chien-wen ti Hsien-an 2); d. 427 (11/Sung Wen-ti Yüan-chia 4))</subfield>
  </datafield>
  <datafield tag="670" ind1=" " ind2=" ">
    <subfield code="a">Tao hua huan jing, ge shi ren sheng, 2014:</subfield>
    <subfield code="b">t.p.  (陶渊明 = Tao Yuanming; 五柳先生 = Wuliuxiansheng)</subfield>
  </datafield>
  <datafield tag="670" ind1=" " ind2=" ">
    <subfield code="a">OCLC #65214154, November 21, 2019</subfield>
    <subfield code="b">(access point: 陶潛, 372?-427 = Tao, Qian, 372?-427; usage: 陶潛 = Tao Qian)</subfield>
  </datafield>
  <datafield tag="952" ind1=" " ind2=" ">
    <subfield code="a">RETRO</subfield>
  </datafield>
  <datafield tag="953" ind1=" " ind2=" ">
    <subfield code="a">xx00</subfield>
    <subfield code="b">yc10</subfield>
  </datafield>
</record>