
<record>
  <leader>01231cz  a2200313n  4500</leader>
  <controlfield tag="001">1008091</controlfield>
  <controlfield tag="003">DLC</controlfield>
  <controlfield tag="005">20200104073418.0</controlfield>
  <controlfield tag="008">820924nc azannaabn          |b aaa      </controlfield>
  <datafield tag="010" ind1=" " ind2=" ">
    <subfield code="a">n  82098984 </subfield>
  </datafield>
  <datafield tag="035" ind1=" " ind2=" ">
    <subfield code="a">(OCoLC)oca00795554</subfield>
  </datafield>
  <datafield tag="040" ind1=" " ind2=" ">
    <subfield code="a">DLC</subfield>
    <subfield code="b">eng</subfield>
    <subfield code="e">rda</subfield>
    <subfield code="c">DLC</subfield>
    <subfield code="d">DLC-R</subfield>
    <subfield code="d">DLC-R</subfield>
    <subfield code="d">OCoLC</subfield>
    <subfield code="d">InU</subfield>
    <subfield code="d">MH</subfield>
  </datafield>
  <datafield tag="046" ind1=" " ind2=" ">
    <subfield code="f">1900-01-09</subfield>
    <subfield code="g">1979-01-11</subfield>
    <subfield code="2">edtf</subfield>
  </datafield>
  <datafield tag="100" ind1="1" ind2=" ">
    <subfield code="a">Tang, Lan,</subfield>
    <subfield code="d">1900-</subfield>
  </datafield>
  <datafield tag="400" ind1="1" ind2=" ">
    <subfield code="a">Tang, Jinglan,</subfield>
    <subfield code="d">1900-</subfield>
  </datafield>
  <datafield tag="400" ind1="1" ind2=" ">
    <subfield code="a">Tang, Li&apos;an,</subfield>
    <subfield code="d">1900-</subfield>
  </datafield>
  <datafield tag="400" ind1="1" ind2=" ">
    <subfield code="a">Tʻang, Ching-lan,</subfield>
    <subfield code="d">1900-</subfield>
  </datafield>
  <datafield tag="400" ind1="1" ind2=" ">
    <subfield code="a">Tʻang, Li-an,</subfield>
    <subfield code="d">1900-</subfield>
  </datafield>
  <datafield tag="400" ind1="1" ind2=" ">
    <subfield code="a">唐兰,</subfield>
    <subfield code="d">1900-</subfield>
  </datafield>
  <datafield tag="400" ind1="1" ind2=" ">
    <subfield code="a">唐蘭,</subfield>
    <subfield code="d">1900-</subfield>
  </datafield>
  <datafield tag="667" ind1=" " ind2=" ">
    <subfield code="a">Machine-derived non-Latin script reference project.</subfield>
  </datafield>
  <datafield tag="667" ind1=" " ind2=" ">
    <subfield code="a">Non-Latin script references not evaluated.</subfield>
  </datafield>
  <datafield tag="667" ind1=" " ind2=" ">
    <subfield code="a">Non-Latin script references reviewed in NACO CJK Funnel References Project.</subfield>
  </datafield>
  <datafield tag="670" ind1=" " ind2=" ">
    <subfield code="a">Liu, C. Chʻu chʻi tʻu shih, 1935.</subfield>
  </datafield>
  <datafield tag="670" ind1=" " ind2=" ">
    <subfield code="a">His Yin hsü wen tzu chi, 1981:</subfield>
    <subfield code="b">t.p. (Tʻang Lan)</subfield>
  </datafield>
  <datafield tag="670" ind1=" " ind2=" ">
    <subfield code="a">Tʻang Lan hsien sheng chin wen lun chi, 1995:</subfield>
    <subfield code="b">t.p. (Tʻang Lan) p. 2, 2nd group (t. Ching-lan; h. Li-an; b. 1/9/1901; d. 1/11/79)</subfield>
  </datafield>
  <datafield tag="670" ind1=" " ind2=" ">
    <subfield code="a">OCLC #23307565, November 18, 2019</subfield>
    <subfield code="b">(access point: 唐蘭, 1900- = Tang, Lan, 1900-; usage: 唐蘭 = Tang Lan)</subfield>
  </datafield>
  <datafield tag="952" ind1=" " ind2=" ">
    <subfield code="a">RETRO</subfield>
  </datafield>
  <datafield tag="953" ind1=" " ind2=" ">
    <subfield code="a">xx00</subfield>
    <subfield code="b">bl13</subfield>
  </datafield>
</record>