
<record>
  <leader>01896cz  a2200325n  4500</leader>
  <controlfield tag="001">1024464</controlfield>
  <controlfield tag="003">DLC</controlfield>
  <controlfield tag="005">20200104073422.0</controlfield>
  <controlfield tag="008">830427n| azannaabn          |a aaa      </controlfield>
  <datafield tag="010" ind1=" " ind2=" ">
    <subfield code="a">n  83056384 </subfield>
  </datafield>
  <datafield tag="035" ind1=" " ind2=" ">
    <subfield code="a">(OCoLC)oca00941544</subfield>
  </datafield>
  <datafield tag="040" ind1=" " ind2=" ">
    <subfield code="a">DLC</subfield>
    <subfield code="b">eng</subfield>
    <subfield code="e">rda</subfield>
    <subfield code="c">DLC</subfield>
    <subfield code="d">DLC</subfield>
    <subfield code="d">OCoLC</subfield>
    <subfield code="d">MnSST</subfield>
  </datafield>
  <datafield tag="046" ind1=" " ind2=" ">
    <subfield code="f">1936</subfield>
    <subfield code="2">edtf</subfield>
  </datafield>
  <datafield tag="100" ind1="1" ind2=" ">
    <subfield code="a">Armerding, Carl Edwin</subfield>
  </datafield>
  <datafield tag="370" ind1=" " ind2=" ">
    <subfield code="f">Vancouver (B.C.)</subfield>
    <subfield code="2">naf</subfield>
  </datafield>
  <datafield tag="372" ind1=" " ind2=" ">
    <subfield code="a">Bible. Old Testament--Criticism, interpretation, etc.</subfield>
    <subfield code="2">lcsh</subfield>
  </datafield>
  <datafield tag="373" ind1=" " ind2=" ">
    <subfield code="a">Regent College</subfield>
    <subfield code="2">naf</subfield>
  </datafield>
  <datafield tag="374" ind1=" " ind2=" ">
    <subfield code="a">University and college faculty members</subfield>
    <subfield code="2">lcdgt</subfield>
  </datafield>
  <datafield tag="375" ind1=" " ind2=" ">
    <subfield code="a">Males</subfield>
    <subfield code="2">lcdgt</subfield>
  </datafield>
  <datafield tag="377" ind1=" " ind2=" ">
    <subfield code="a">eng</subfield>
  </datafield>
  <datafield tag="400" ind1="1" ind2=" ">
    <subfield code="a">Armerding, Carl E.</subfield>
    <subfield code="q">(Carl Edwin),</subfield>
    <subfield code="d">1936-</subfield>
  </datafield>
  <datafield tag="400" ind1="1" ind2=" ">
    <subfield code="a">Armerding, Carl,</subfield>
    <subfield code="d">1936-</subfield>
  </datafield>
  <datafield tag="510" ind1="2" ind2=" ">
    <subfield code="w">r</subfield>
    <subfield code="i">Employer:</subfield>
    <subfield code="a">Regent College</subfield>
  </datafield>
  <datafield tag="670" ind1=" " ind2=" ">
    <subfield code="a">Dreams, visions, and oracles, c1977.</subfield>
  </datafield>
  <datafield tag="670" ind1=" " ind2=" ">
    <subfield code="a">His The Old Testament and criticism, c1983:</subfield>
    <subfield code="b">CIP t.p. (Carl E. Armerding) page 4 of cover (principal and professor at Regent College, Vancouver, B.C., Canada)</subfield>
  </datafield>
  <datafield tag="670" ind1=" " ind2=" ">
    <subfield code="a">Regent College (online), viewed on January 2, 2020:</subfield>
    <subfield code="b">faculty/08, retired (Carl Armerding; AB from Gordon College, BD from Trinity Evangelical, MA and PhD from Brandeis University; professor emeritus of Old Testament; professor of Old Testament from 1970-1991, principal/president from 1978-1988; accomplished Old Testament scholar; since 2006, has taught extensively in global theological education)</subfield>
    <subfield code="u">https://www.regent-college.edu/faculty/retired/carl-armerding</subfield>
  </datafield>
  <datafield tag="670" ind1=" " ind2=" ">
    <subfield code="a">OCLC database, viewed on January 2, 2020</subfield>
    <subfield code="b">(access points: Armerding, Carl Edwin; Armerding, Carl E.; Armerding, Carl, 1936- ; Armerding, Carl; Armerding, Carl E. (Carl Edwin); Armerding, Carl E. (Carl Edwin), 1936- ; Armerding, Carl Edwin, 1936- ; usage: Carl Edwin Armerding, Carl E. Armerding, Carl Armerding; all original works written in English)</subfield>
  </datafield>
  <datafield tag="952" ind1=" " ind2=" ">
    <subfield code="a">RETRO</subfield>
  </datafield>
  <datafield tag="952" ind1=" " ind2=" ">
    <subfield code="a">*he05 030 051 065 02-10-90</subfield>
  </datafield>
  <datafield tag="953" ind1=" " ind2=" ">
    <subfield code="a">xx00</subfield>
    <subfield code="b">he05</subfield>
  </datafield>
</record>