
<record>
  <leader>01153cz  a2200229n  4500</leader>
  <controlfield tag="001">1031495</controlfield>
  <controlfield tag="003">DLC</controlfield>
  <controlfield tag="005">20200104073423.0</controlfield>
  <controlfield tag="008">830726n| azannaabn          |n aaa      </controlfield>
  <datafield tag="010" ind1=" " ind2=" ">
    <subfield code="a">n  83193904 </subfield>
  </datafield>
  <datafield tag="035" ind1=" " ind2=" ">
    <subfield code="a">(OCoLC)oca01008069</subfield>
  </datafield>
  <datafield tag="040" ind1=" " ind2=" ">
    <subfield code="a">DLC</subfield>
    <subfield code="b">eng</subfield>
    <subfield code="e">rda</subfield>
    <subfield code="c">DLC</subfield>
    <subfield code="d">Uk</subfield>
    <subfield code="d">MoSU</subfield>
  </datafield>
  <datafield tag="046" ind1=" " ind2=" ">
    <subfield code="f">1948-04-12</subfield>
    <subfield code="2">edtf</subfield>
  </datafield>
  <datafield tag="100" ind1="1" ind2=" ">
    <subfield code="a">Moyse, Gérard</subfield>
  </datafield>
  <datafield tag="370" ind1=" " ind2=" ">
    <subfield code="c">France</subfield>
    <subfield code="f">Dijon (France)</subfield>
    <subfield code="2">naf</subfield>
  </datafield>
  <datafield tag="373" ind1=" " ind2=" ">
    <subfield code="a">Côte-d&apos;Or (France). Archives départementales</subfield>
    <subfield code="2">naf</subfield>
  </datafield>
  <datafield tag="374" ind1=" " ind2=" ">
    <subfield code="a">Archivists</subfield>
    <subfield code="2">lcsh</subfield>
  </datafield>
  <datafield tag="377" ind1=" " ind2=" ">
    <subfield code="a">fre</subfield>
  </datafield>
  <datafield tag="670" ind1=" " ind2=" ">
    <subfield code="a">Archives départementales du Doubs. Justice consulaire de Besançon, 1982:</subfield>
    <subfield code="b">title page (établi par Marie-Paule Arnauld, puis Gérard Moyse, conservateurs)</subfield>
  </datafield>
  <datafield tag="670" ind1=" " ind2=" ">
    <subfield code="a">Le concile provincial de Besançon, 1281 : édition, traduction, commentaire, 2015:</subfield>
    <subfield code="b">title page (Gérard Moyse [co-contributor])</subfield>
  </datafield>
  <datafield tag="670" ind1=" " ind2=" ">
    <subfield code="a">Bibliothèque nationale de France online catalog, viewed January 2, 2020</subfield>
    <subfield code="b">(authorized access point: Moyse, Gérard (1948-....); other data in authority record: director of the Archives départementales de la Côte-d&apos;Or (as of 2002); born April 12, 1948)</subfield>
    <subfield code="u">https://catalogue.bnf.fr/ark:/12148/cb119171450</subfield>
  </datafield>
  <datafield tag="953" ind1=" " ind2=" ">
    <subfield code="a">eb21</subfield>
  </datafield>
</record>