
<record>
  <leader>01314cz  a2200337n  4500</leader>
  <controlfield tag="001">1053574</controlfield>
  <controlfield tag="003">DLC</controlfield>
  <controlfield tag="005">20200104073330.0</controlfield>
  <controlfield tag="008">850123nc azannaabn          |b aaa      </controlfield>
  <datafield tag="010" ind1=" " ind2=" ">
    <subfield code="a">n  84215164 </subfield>
  </datafield>
  <datafield tag="035" ind1=" " ind2=" ">
    <subfield code="a">(OCoLC)oca01272022</subfield>
  </datafield>
  <datafield tag="040" ind1=" " ind2=" ">
    <subfield code="a">DLC</subfield>
    <subfield code="b">eng</subfield>
    <subfield code="e">rda</subfield>
    <subfield code="c">DLC</subfield>
    <subfield code="d">MiU</subfield>
    <subfield code="d">OCoLC</subfield>
    <subfield code="d">InU</subfield>
  </datafield>
  <datafield tag="046" ind1=" " ind2=" ">
    <subfield code="f">1483</subfield>
    <subfield code="g">1541</subfield>
    <subfield code="2">edtf</subfield>
  </datafield>
  <datafield tag="100" ind1="1" ind2=" ">
    <subfield code="a">Wang, Gen,</subfield>
    <subfield code="d">1483-1541</subfield>
  </datafield>
  <datafield tag="400" ind1="1" ind2=" ">
    <subfield code="w">nne</subfield>
    <subfield code="a">Wang, Ken,</subfield>
    <subfield code="d">1483-1541</subfield>
  </datafield>
  <datafield tag="400" ind1="1" ind2=" ">
    <subfield code="a">Wang, Hsin-chai,</subfield>
    <subfield code="d">1483-1541</subfield>
  </datafield>
  <datafield tag="400" ind1="1" ind2=" ">
    <subfield code="a">Wang, Xinzhai,</subfield>
    <subfield code="d">1483-1541</subfield>
  </datafield>
  <datafield tag="400" ind1="1" ind2=" ">
    <subfield code="a">Wang, Yin,</subfield>
    <subfield code="d">1483-1541</subfield>
  </datafield>
  <datafield tag="400" ind1="1" ind2=" ">
    <subfield code="a">Wang, Ruzhi,</subfield>
    <subfield code="d">1483-1541</subfield>
  </datafield>
  <datafield tag="400" ind1="1" ind2=" ">
    <subfield code="a">Wang, Ju-chih,</subfield>
    <subfield code="d">1483-1541</subfield>
  </datafield>
  <datafield tag="400" ind1="1" ind2=" ">
    <subfield code="a">Ō, Shinsai,</subfield>
    <subfield code="d">1483-1541</subfield>
  </datafield>
  <datafield tag="400" ind1="1" ind2=" ">
    <subfield code="a">Ō, Gon,</subfield>
    <subfield code="d">1483-1541</subfield>
  </datafield>
  <datafield tag="400" ind1="1" ind2=" ">
    <subfield code="a">王心齋,</subfield>
    <subfield code="d">1483-1541</subfield>
  </datafield>
  <datafield tag="400" ind1="1" ind2=" ">
    <subfield code="a">王艮,</subfield>
    <subfield code="d">1483-1541</subfield>
  </datafield>
  <datafield tag="667" ind1=" " ind2=" ">
    <subfield code="a">Machine-derived non-Latin script reference project.</subfield>
  </datafield>
  <datafield tag="667" ind1=" " ind2=" ">
    <subfield code="a">Non-Latin script references not evaluated.</subfield>
  </datafield>
  <datafield tag="670" ind1=" " ind2=" ">
    <subfield code="a">His Ō Shinsai zenshū ... 1975?:</subfield>
    <subfield code="b">t.p. (Wang Ken; Wang Hsin-chai [in Chinese])</subfield>
  </datafield>
  <datafield tag="670" ind1=" " ind2=" ">
    <subfield code="a">Tzʻu hai, 1979:</subfield>
    <subfield code="b">p. 2732 (Wang Ken, 1483-1541; h. Hsin-chai, philosopher of Ming dynasty)</subfield>
  </datafield>
  <datafield tag="670" ind1=" " ind2=" ">
    <subfield code="a">Dai Nihon hyakka j.</subfield>
    <subfield code="b">(Ō Shinsai; 1483-1540; forename: Gon)</subfield>
  </datafield>
  <datafield tag="670" ind1=" " ind2=" ">
    <subfield code="a">Übelhör, M.  Wang Gen (1483-1541) und seine Lehre, 1986:</subfield>
    <subfield code="b">p. 2, etc. (Wang Yin; 1483-1541; t. Ruzhi [in rom.]; h. Xinzhai [in rom.])</subfield>
  </datafield>
  <datafield tag="953" ind1=" " ind2=" ">
    <subfield code="a">bl08</subfield>
  </datafield>
</record>