
<record>
  <leader>02614cz  a2200325n  4500</leader>
  <controlfield tag="001">1061102</controlfield>
  <controlfield tag="003">DLC</controlfield>
  <controlfield tag="005">20200104073332.0</controlfield>
  <controlfield tag="008">850712n| azannaabn          |a aaa      </controlfield>
  <datafield tag="010" ind1=" " ind2=" ">
    <subfield code="a">n  85023174 </subfield>
  </datafield>
  <datafield tag="035" ind1=" " ind2=" ">
    <subfield code="a">(OCoLC)oca01366464</subfield>
  </datafield>
  <datafield tag="040" ind1=" " ind2=" ">
    <subfield code="a">DLC</subfield>
    <subfield code="b">eng</subfield>
    <subfield code="e">rda</subfield>
    <subfield code="c">DLC</subfield>
    <subfield code="d">DLC</subfield>
    <subfield code="d">MnSST</subfield>
  </datafield>
  <datafield tag="046" ind1=" " ind2=" ">
    <subfield code="f">1944</subfield>
    <subfield code="2">edtf</subfield>
  </datafield>
  <datafield tag="100" ind1="1" ind2=" ">
    <subfield code="a">Anderson, Fred,</subfield>
    <subfield code="d">1944-</subfield>
  </datafield>
  <datafield tag="370" ind1=" " ind2=" ">
    <subfield code="a">Georgia</subfield>
    <subfield code="f">Richmond (Va.)</subfield>
    <subfield code="2">naf</subfield>
  </datafield>
  <datafield tag="372" ind1=" " ind2=" ">
    <subfield code="a">Baptists--History</subfield>
    <subfield code="2">lcsh</subfield>
  </datafield>
  <datafield tag="373" ind1=" " ind2=" ">
    <subfield code="a">University of Richmond</subfield>
    <subfield code="2">naf</subfield>
  </datafield>
  <datafield tag="374" ind1=" " ind2=" ">
    <subfield code="a">Church historians</subfield>
    <subfield code="2">lcsh</subfield>
  </datafield>
  <datafield tag="375" ind1=" " ind2=" ">
    <subfield code="a">Males</subfield>
    <subfield code="2">lcdgt</subfield>
  </datafield>
  <datafield tag="377" ind1=" " ind2=" ">
    <subfield code="a">eng</subfield>
  </datafield>
  <datafield tag="400" ind1="1" ind2=" ">
    <subfield code="a">Anderson, Frederick J.,</subfield>
    <subfield code="d">1944-</subfield>
  </datafield>
  <datafield tag="400" ind1="1" ind2=" ">
    <subfield code="w">nnea</subfield>
    <subfield code="a">Anderson, Frederick Jarrard</subfield>
  </datafield>
  <datafield tag="400" ind1="1" ind2=" ">
    <subfield code="a">Anderson, Frederick Jarrard,</subfield>
    <subfield code="d">1944-</subfield>
  </datafield>
  <datafield tag="510" ind1="2" ind2=" ">
    <subfield code="w">r</subfield>
    <subfield code="i">Chief executive of:</subfield>
    <subfield code="a">Virginia Baptist Historical Society</subfield>
  </datafield>
  <datafield tag="670" ind1=" " ind2=" ">
    <subfield code="a">His The third jubilee, 1984:</subfield>
    <subfield code="b">t.p. (Frederick Jarrard Anderson)</subfield>
  </datafield>
  <datafield tag="670" ind1=" " ind2=" ">
    <subfield code="a">Playing favorites and getting personal, 2000:</subfield>
    <subfield code="b">t.p. (Fred Anderson)</subfield>
  </datafield>
  <datafield tag="670" ind1=" " ind2=" ">
    <subfield code="a">Meherrin, Virginia, 2019:</subfield>
    <subfield code="b">title page (Fred Anderson) page vi (Frederick J. Anderson; executive director of Virginia Baptist Historical Society for 38 years (1979-2017); founding executive director of the Center for Baptist Heritage &amp; Studies at the University of Richmond [in Virginia]; educated at Berry College (B.S.), University of West Georgia (M.ED.), George Peabody College of Vanderbilt University (M.L.S.), and post-graduate studies at Regent&apos;s Park College, Oxford University; has been a high school teacher, librarian, designer, playwright, columnist, monologist, adjunct seminary professor, and archivist of the University of Richmond; male)</subfield>
  </datafield>
  <datafield tag="670" ind1=" " ind2=" ">
    <subfield code="a">OCLC database, viewed on January 3, 2020</subfield>
    <subfield code="b">(access points: Anderson, Frederick Jarrard; Anderson, Fred; Anderson, Frederick Jarrard, 1944- ; Anderson, Frederick J.; usage: Fred Anderson, Frederick Jarrard Anderson, Frederick J. Anderson, Frederick Anderson; no predominant usage; common usage in earlier manifestations: Frederick Jarrard Anderson; common usage in recent manifestations: Fred Anderson; all original works written, edited, or spoken in English)</subfield>
  </datafield>
  <datafield tag="670" ind1=" " ind2=" ">
    <subfield code="a">BGAV Annual Meeting. BGAV Annual Meeting book of reports, 2017 (online), viewed on January 3, 2020:</subfield>
    <subfield code="b">page 29 (retired June 30, 2017, from Virginia Baptist Historical Society (1974-2017) and from Center for Baptist Heritage and Studies (1999-2017); born in Georgia; active as first full-time director of Historical Society since 1979; wrote and taught extensively about Virginia Baptist churches and leaders)</subfield>
    <subfield code="u">https://vbmb-wpengine.netdna-ssl.com/wp-content/uploads/2018/04/Book-of-Reports-2017.pdf</subfield>
  </datafield>
  <datafield tag="953" ind1=" " ind2=" ">
    <subfield code="a">ba30</subfield>
    <subfield code="b">sh18</subfield>
  </datafield>
</record>