
<record>
  <leader>01839cz  a2200301n  4500</leader>
  <controlfield tag="001">1076580</controlfield>
  <controlfield tag="003">DLC</controlfield>
  <controlfield tag="005">20200104073336.0</controlfield>
  <controlfield tag="008">851023n| azannaabn          |a aaa      </controlfield>
  <datafield tag="010" ind1=" " ind2=" ">
    <subfield code="a">n  85220644 </subfield>
  </datafield>
  <datafield tag="035" ind1=" " ind2=" ">
    <subfield code="a">(OCoLC)oca01454827</subfield>
  </datafield>
  <datafield tag="040" ind1=" " ind2=" ">
    <subfield code="a">DLC</subfield>
    <subfield code="b">eng</subfield>
    <subfield code="e">rda</subfield>
    <subfield code="c">DLC</subfield>
    <subfield code="d">DLC</subfield>
    <subfield code="d">OCoLC</subfield>
    <subfield code="d">KyU</subfield>
  </datafield>
  <datafield tag="046" ind1=" " ind2=" ">
    <subfield code="f">1788-08-04</subfield>
    <subfield code="g">1826-07-24</subfield>
    <subfield code="2">edtf</subfield>
  </datafield>
  <datafield tag="100" ind1="1" ind2=" ">
    <subfield code="a">Anderson, Richard Clough,</subfield>
    <subfield code="d">1788-1826</subfield>
  </datafield>
  <datafield tag="370" ind1=" " ind2=" ">
    <subfield code="a">Jefferson County (Ky.)</subfield>
    <subfield code="b">Turbaco (Bolívar, Colombia)</subfield>
    <subfield code="c">United States</subfield>
    <subfield code="e">Louisville (Ky.)</subfield>
    <subfield code="2">naf</subfield>
  </datafield>
  <datafield tag="373" ind1=" " ind2=" ">
    <subfield code="a">United States. Congress. House</subfield>
    <subfield code="2">naf</subfield>
    <subfield code="s">1817</subfield>
    <subfield code="t">1821</subfield>
  </datafield>
  <datafield tag="373" ind1=" " ind2=" ">
    <subfield code="a">College of William &amp; Mary</subfield>
    <subfield code="2">naf</subfield>
  </datafield>
  <datafield tag="373" ind1=" " ind2=" ">
    <subfield code="a">Kentucky. General Assembly. House of Representatives</subfield>
    <subfield code="2">naf</subfield>
    <subfield code="s">1821</subfield>
  </datafield>
  <datafield tag="373" ind1=" " ind2=" ">
    <subfield code="a">Kentucky. General Assembly. House of Representatives</subfield>
    <subfield code="2">naf</subfield>
    <subfield code="s">1815</subfield>
  </datafield>
  <datafield tag="374" ind1=" " ind2=" ">
    <subfield code="a">Lawyers</subfield>
    <subfield code="a">Diplomats--United States</subfield>
    <subfield code="a">Legislators</subfield>
    <subfield code="2">naf</subfield>
  </datafield>
  <datafield tag="375" ind1=" " ind2=" ">
    <subfield code="a">Males</subfield>
    <subfield code="2">lcdgt</subfield>
  </datafield>
  <datafield tag="377" ind1=" " ind2=" ">
    <subfield code="a">eng</subfield>
  </datafield>
  <datafield tag="400" ind1="1" ind2=" ">
    <subfield code="a">Anderson, Richard Clough,</subfield>
    <subfield code="c">Jr.,</subfield>
    <subfield code="d">1788-1826</subfield>
  </datafield>
  <datafield tag="670" ind1=" " ind2=" ">
    <subfield code="a">NUCMC data from Huntington Lib. for His Papers, 1781-1892</subfield>
    <subfield code="b">(Anderson, Richard Clough; minister plenipotentiary to Colombia in 1823)</subfield>
  </datafield>
  <datafield tag="670" ind1=" " ind2=" ">
    <subfield code="a">DAB</subfield>
    <subfield code="b">(Anderson, Richard Clough, 1788-1826; statesman, diplomat; son of Richard Clough Anderson, 1750-1826)</subfield>
  </datafield>
  <datafield tag="670" ind1=" " ind2=" ">
    <subfield code="a">LC manual auth. cd.</subfield>
    <subfield code="b">(hdg.: Anderson, Richard Clough, 1788-1826; usage: Richard Clough Anderson, Jr.)</subfield>
  </datafield>
  <datafield tag="670" ind1=" " ind2=" ">
    <subfield code="a">Kentucky encyclopedia, ©1992:</subfield>
    <subfield code="b">page 21 (Richard Clough Anderson, Jr. was a legislator and diplomat after whom Anderson County [Ky.] was named.  Born on August 4, 1788 at Soldier&apos;s Retreat in Jefferson County, Ky.  Graduated from William and Mary College.  Practiced law in Louisville, Ky. Served in the Kentucky House in 1815 and 1821 and was a Representative in the U.S. House 1817-1821.  Was a delegate to the Panama Congress of Nations, but died en route in Turbaco [Columbia] on July 24, 1826.)</subfield>
  </datafield>
  <datafield tag="953" ind1=" " ind2=" ">
    <subfield code="a">vm04</subfield>
  </datafield>
</record>