
<record>
  <leader>01602cz  a2200373n  4500</leader>
  <controlfield tag="001">1101726</controlfield>
  <controlfield tag="003">DLC</controlfield>
  <controlfield tag="005">20200104073337.0</controlfield>
  <controlfield tag="008">870520nc azannaabn          |b aaa      </controlfield>
  <datafield tag="010" ind1=" " ind2=" ">
    <subfield code="a">n  86115694 </subfield>
  </datafield>
  <datafield tag="035" ind1=" " ind2=" ">
    <subfield code="a">(OCoLC)oca01859305</subfield>
  </datafield>
  <datafield tag="040" ind1=" " ind2=" ">
    <subfield code="a">DLC</subfield>
    <subfield code="b">eng</subfield>
    <subfield code="e">rda</subfield>
    <subfield code="c">DLC</subfield>
    <subfield code="d">OCoLC</subfield>
    <subfield code="d">DLC</subfield>
    <subfield code="d">OCoLC</subfield>
    <subfield code="d">DLC</subfield>
    <subfield code="d">DLC</subfield>
    <subfield code="d">MH</subfield>
  </datafield>
  <datafield tag="046" ind1=" " ind2=" ">
    <subfield code="f">1608</subfield>
    <subfield code="g">1685</subfield>
    <subfield code="2">edtf</subfield>
  </datafield>
  <datafield tag="053" ind1=" " ind2="0">
    <subfield code="a">PL2698.H38</subfield>
  </datafield>
  <datafield tag="100" ind1="0" ind2=" ">
    <subfield code="a">Tianranheshang,</subfield>
    <subfield code="d">1608-1685</subfield>
  </datafield>
  <datafield tag="400" ind1="0" ind2=" ">
    <subfield code="w">nne</subfield>
    <subfield code="a">Tʻien-jan-ho-shang,</subfield>
    <subfield code="d">1608-1685</subfield>
  </datafield>
  <datafield tag="400" ind1="0" ind2=" ">
    <subfield code="a">Hanshi,</subfield>
    <subfield code="d">1608-1685</subfield>
  </datafield>
  <datafield tag="400" ind1="0" ind2=" ">
    <subfield code="a">Lizhong,</subfield>
    <subfield code="d">1608-1685</subfield>
  </datafield>
  <datafield tag="400" ind1="0" ind2=" ">
    <subfield code="a">Tianran,</subfield>
    <subfield code="d">1608-1685</subfield>
  </datafield>
  <datafield tag="400" ind1="0" ind2=" ">
    <subfield code="a">Tianran Hanshi,</subfield>
    <subfield code="d">1608-1685</subfield>
  </datafield>
  <datafield tag="400" ind1="0" ind2=" ">
    <subfield code="a">Tianran Hoshang,</subfield>
    <subfield code="d">1608-1685</subfield>
  </datafield>
  <datafield tag="400" ind1="1" ind2=" ">
    <subfield code="a">Zeng, Zhicui,</subfield>
    <subfield code="d">1608-1685</subfield>
  </datafield>
  <datafield tag="400" ind1="0" ind2=" ">
    <subfield code="a">函昰,</subfield>
    <subfield code="d">1608-1685</subfield>
  </datafield>
  <datafield tag="400" ind1="0" ind2=" ">
    <subfield code="a">圅昰,</subfield>
    <subfield code="d">1608-1685</subfield>
  </datafield>
  <datafield tag="400" ind1="0" ind2=" ">
    <subfield code="a">天然和尚,</subfield>
    <subfield code="d">1608-1685</subfield>
  </datafield>
  <datafield tag="500" ind1="1" ind2=" ">
    <subfield code="a">Zeng, Qixin,</subfield>
    <subfield code="d">1608-1685</subfield>
  </datafield>
  <datafield tag="667" ind1=" " ind2=" ">
    <subfield code="a">Machine-derived non-Latin script reference project.</subfield>
  </datafield>
  <datafield tag="667" ind1=" " ind2=" ">
    <subfield code="a">Non-Latin script references not evaluated.</subfield>
  </datafield>
  <datafield tag="667" ind1=" " ind2=" ">
    <subfield code="a">Non-Latin script references reviewed in NACO CJK Funnel References Project.</subfield>
  </datafield>
  <datafield tag="670" ind1=" " ind2=" ">
    <subfield code="a">Tianranheshang nian pu, 1986:</subfield>
    <subfield code="b">p. 1, etc. of 3rd group (he shang; n. Hanshi; z. Lizhong; h. Tianran; original name Zeng Zhicui; b. 10/14/1608; d. 8/27/1685)</subfield>
  </datafield>
  <datafield tag="670" ind1=" " ind2=" ">
    <subfield code="a">HKCAN search, 2015-10-07</subfield>
    <subfield code="b">(Tianranheshang, Zeng, Qixin, same person, 1608-1685)</subfield>
  </datafield>
  <datafield tag="670" ind1=" " ind2=" ">
    <subfield code="a">Tianran Hanshi, 2012:</subfield>
    <subfield code="b">t.p.  (Tianran Hanshi) p. 4, etc. (b. 1608; d. 1685; orig. name Zeng Qixin)</subfield>
  </datafield>
  <datafield tag="670" ind1=" " ind2=" ">
    <subfield code="a">LC database, December 23, 2019</subfield>
    <subfield code="b">(access point: 天然和尚, 1608-1685 = Tianranheshang, 1608-1685; usage: 天然和尚 = Tianranheshang)</subfield>
  </datafield>
  <datafield tag="953" ind1=" " ind2=" ">
    <subfield code="a">bl13</subfield>
    <subfield code="b">cc15</subfield>
  </datafield>
</record>