
<record>
  <leader>01553cz  a2200325n  4500</leader>
  <controlfield tag="001">1101888</controlfield>
  <controlfield tag="003">DLC</controlfield>
  <controlfield tag="005">20200104073436.0</controlfield>
  <controlfield tag="008">861027nc azannaabn          |b aaa      </controlfield>
  <datafield tag="010" ind1=" " ind2=" ">
    <subfield code="a">n  86117774 </subfield>
  </datafield>
  <datafield tag="035" ind1=" " ind2=" ">
    <subfield code="a">(OCoLC)oca01725816</subfield>
  </datafield>
  <datafield tag="040" ind1=" " ind2=" ">
    <subfield code="a">DLC</subfield>
    <subfield code="b">eng</subfield>
    <subfield code="e">rda</subfield>
    <subfield code="c">DLC</subfield>
    <subfield code="d">DLC-R</subfield>
    <subfield code="d">OCoLC</subfield>
    <subfield code="d">HkUST</subfield>
    <subfield code="d">MH</subfield>
  </datafield>
  <datafield tag="046" ind1=" " ind2=" ">
    <subfield code="f">1941-06-15</subfield>
    <subfield code="g">2015-06-22</subfield>
    <subfield code="2">edtf</subfield>
  </datafield>
  <datafield tag="100" ind1="1" ind2=" ">
    <subfield code="a">Wang, Baoshu</subfield>
  </datafield>
  <datafield tag="372" ind1=" " ind2=" ">
    <subfield code="a">Law</subfield>
    <subfield code="2">lcsh</subfield>
  </datafield>
  <datafield tag="374" ind1=" " ind2=" ">
    <subfield code="a">Law teachers</subfield>
    <subfield code="2">lcsh</subfield>
  </datafield>
  <datafield tag="375" ind1=" " ind2=" ">
    <subfield code="a">Males</subfield>
    <subfield code="2">lcsh</subfield>
  </datafield>
  <datafield tag="400" ind1="1" ind2=" ">
    <subfield code="w">nne</subfield>
    <subfield code="a">Wang, Pao-shu</subfield>
  </datafield>
  <datafield tag="400" ind1="1" ind2=" ">
    <subfield code="a">Ō, Hoju</subfield>
  </datafield>
  <datafield tag="400" ind1="1" ind2=" ">
    <subfield code="a">王保树</subfield>
  </datafield>
  <datafield tag="400" ind1="1" ind2=" ">
    <subfield code="a">王保樹</subfield>
  </datafield>
  <datafield tag="667" ind1=" " ind2=" ">
    <subfield code="a">Machine-derived non-Latin script reference project.</subfield>
  </datafield>
  <datafield tag="667" ind1=" " ind2=" ">
    <subfield code="a">Non-Latin script references not evaluated.</subfield>
  </datafield>
  <datafield tag="667" ind1=" " ind2=" ">
    <subfield code="a">Non-Latin script references reviewed in NACO CJK Funnel References Project.</subfield>
  </datafield>
  <datafield tag="670" ind1=" " ind2=" ">
    <subfield code="a">His Chi pen chien she fa chien lun, 1985:</subfield>
    <subfield code="b">t.p. (王保树 = Wang Pao-shu)</subfield>
  </datafield>
  <datafield tag="670" ind1=" " ind2=" ">
    <subfield code="a">Chūgoku kigyō hōron, 1992:</subfield>
    <subfield code="b">t.p. (王保樹 = Wang Pao-shu; Jpn rom.: Ō Hoju) colophon (Wang Baoshu [in rom.]; b. 1941; dep. dir./prof., Chūgoku Shakai Kagakuin Hōgaku Kenkyūjo)</subfield>
  </datafield>
  <datafield tag="670" ind1=" " ind2=" ">
    <subfield code="a">Shang fa jing ji fa de dong yu jing, 2015:</subfield>
    <subfield code="b">t.p. (王保树 = Wang Baoshu) verso of page after t.p. (王保树: male; of Hebei Renqiu; dean, Qing hua da xue fa xue yuan, 1999-2002; specialized in economic law and commercial law)</subfield>
  </datafield>
  <datafield tag="670" ind1=" " ind2=" ">
    <subfield code="a">Baidu baike, viewed Aug. 25, 2016:</subfield>
    <subfield code="b">(王保树: b. June 15, 1941; died June 22, 2015)</subfield>
  </datafield>
  <datafield tag="670" ind1=" " ind2=" ">
    <subfield code="a">OCLC #18750009, January 3, 2020</subfield>
    <subfield code="b">(access point: 王保树 = Wang, Baoshu ; usage: 王保树 = Wang Baoshu)</subfield>
  </datafield>
  <datafield tag="953" ind1=" " ind2=" ">
    <subfield code="a">bl19</subfield>
  </datafield>
</record>