
<record>
  <leader>01839cz  a2200397n  4500</leader>
  <controlfield tag="001">1120125</controlfield>
  <controlfield tag="003">DLC</controlfield>
  <controlfield tag="005">20200104073438.0</controlfield>
  <controlfield tag="008">870112n| azannaabn          |b aaa      </controlfield>
  <datafield tag="010" ind1=" " ind2=" ">
    <subfield code="a">n  87801954 </subfield>
  </datafield>
  <datafield tag="035" ind1=" " ind2=" ">
    <subfield code="a">(OCoLC)oca01776532</subfield>
  </datafield>
  <datafield tag="040" ind1=" " ind2=" ">
    <subfield code="a">DLC</subfield>
    <subfield code="b">eng</subfield>
    <subfield code="e">rda</subfield>
    <subfield code="c">DLC</subfield>
    <subfield code="d">DLC</subfield>
    <subfield code="d">CtY-Mus</subfield>
    <subfield code="d">OOC</subfield>
    <subfield code="d">DLC</subfield>
    <subfield code="d">IEN-Mu</subfield>
    <subfield code="d">WU</subfield>
  </datafield>
  <datafield tag="046" ind1=" " ind2=" ">
    <subfield code="f">1928</subfield>
    <subfield code="g">1993</subfield>
    <subfield code="2">edtf</subfield>
  </datafield>
  <datafield tag="100" ind1="1" ind2=" ">
    <subfield code="a">Bui︠a︡novskiĭ, Vitaliĭ</subfield>
  </datafield>
  <datafield tag="372" ind1=" " ind2=" ">
    <subfield code="a">Music</subfield>
    <subfield code="2">lcsh</subfield>
  </datafield>
  <datafield tag="374" ind1=" " ind2=" ">
    <subfield code="a">Horn players</subfield>
    <subfield code="a">Composers</subfield>
    <subfield code="2">lcsh</subfield>
  </datafield>
  <datafield tag="375" ind1=" " ind2=" ">
    <subfield code="a">Males</subfield>
    <subfield code="2">lcdgt</subfield>
  </datafield>
  <datafield tag="377" ind1=" " ind2=" ">
    <subfield code="a">rus</subfield>
  </datafield>
  <datafield tag="378" ind1=" " ind2=" ">
    <subfield code="q">Vitaliĭ Mikhaĭlovich</subfield>
  </datafield>
  <datafield tag="400" ind1="1" ind2=" ">
    <subfield code="a">Буяновский, Виталий</subfield>
  </datafield>
  <datafield tag="400" ind1="1" ind2=" ">
    <subfield code="a">Bujanovski, Vitali</subfield>
  </datafield>
  <datafield tag="400" ind1="1" ind2=" ">
    <subfield code="a">Boujanovsky, Vitalij</subfield>
  </datafield>
  <datafield tag="400" ind1="1" ind2=" ">
    <subfield code="a">Buyanovsky, V.</subfield>
  </datafield>
  <datafield tag="400" ind1="1" ind2=" ">
    <subfield code="a">Bui︠a︡novsʹkyĭ, V.</subfield>
  </datafield>
  <datafield tag="400" ind1="1" ind2=" ">
    <subfield code="a">Buyanovsky, Vitaly</subfield>
  </datafield>
  <datafield tag="400" ind1="1" ind2=" ">
    <subfield code="a">Bui︠a︡novskiĭ, V.</subfield>
    <subfield code="q">(Vitaliĭ)</subfield>
  </datafield>
  <datafield tag="400" ind1="1" ind2=" ">
    <subfield code="a">Bouïanovski, Vitali</subfield>
  </datafield>
  <datafield tag="667" ind1=" " ind2=" ">
    <subfield code="a">Non-Latin script reference not evaluated.</subfield>
  </datafield>
  <datafield tag="670" ind1=" " ind2=" ">
    <subfield code="a">Schnittke, A. Kvintet dli︠a︡ fortepiano, dvukh skripok, alʹta i violoncheli, soch. 1976 [SR] 1976?:</subfield>
    <subfield code="b">label (Vitaliĭ Bui︠a︡novskiĭ, horn)</subfield>
  </datafield>
  <datafield tag="670" ind1=" " ind2=" ">
    <subfield code="a">&quot;From Sibelius,&quot; c1981:</subfield>
    <subfield code="b">surrogate t.p. (Vitali Bujanovski) cover (Vitalij Boujanovsky)</subfield>
  </datafield>
  <datafield tag="670" ind1=" " ind2=" ">
    <subfield code="a">Symphony no. 6 in D minor [SR] 1968?:</subfield>
    <subfield code="b">label (V. Buyanovsky, French horn) container (V. Bui︠a︡novsʹkyĭ)</subfield>
  </datafield>
  <datafield tag="670" ind1=" " ind2=" ">
    <subfield code="a">Hindemith, P. Sonata dli︠a︡ f-no i valtorny fa mazhor (1939) [SR] 1966?:</subfield>
    <subfield code="b">label (Vitaliĭ Bui︠a︡novskiĭ) container (Vitaly Buyanovsky [in rom.])</subfield>
  </datafield>
  <datafield tag="670" ind1=" " ind2=" ">
    <subfield code="a">Izbrannye ėti︠u︡dy dli︠a︡ valtorny, 1983-1984:</subfield>
    <subfield code="b">v. 1, t.p. (V. Bui︠a︡novskiĭ) colophon (Vitaliĭ Mikhaĭlovich Bui︠a︡novskiiĭ)</subfield>
  </datafield>
  <datafield tag="670" ind1=" " ind2=" ">
    <subfield code="a">Stebleton, M. Marathon [SR] p2010:</subfield>
    <subfield code="b">container (Vitaly Buyanovsky (1928-1993))</subfield>
  </datafield>
  <datafield tag="670" ind1=" " ind2=" ">
    <subfield code="a">Musiques juives [SR] 1986:</subfield>
    <subfield code="b">container (Vitali Bouïanovski)</subfield>
  </datafield>
  <datafield tag="953" ind1=" " ind2=" ">
    <subfield code="a">vk03</subfield>
    <subfield code="b">qr12</subfield>
  </datafield>
</record>