
<record>
  <leader>01883cz  a2200253n  4500</leader>
  <controlfield tag="001">1140290</controlfield>
  <controlfield tag="003">DLC</controlfield>
  <controlfield tag="005">20200104073307.0</controlfield>
  <controlfield tag="008">880913n| azannaabn          |n aaa      </controlfield>
  <datafield tag="010" ind1=" " ind2=" ">
    <subfield code="a">n  88092954 </subfield>
  </datafield>
  <datafield tag="035" ind1=" " ind2=" ">
    <subfield code="a">(OCoLC)oca02359011</subfield>
  </datafield>
  <datafield tag="040" ind1=" " ind2=" ">
    <subfield code="a">DLC</subfield>
    <subfield code="b">eng</subfield>
    <subfield code="e">rda</subfield>
    <subfield code="c">DLC</subfield>
    <subfield code="d">DLC</subfield>
    <subfield code="d">CSt</subfield>
    <subfield code="d">InU</subfield>
    <subfield code="d">CU-I</subfield>
  </datafield>
  <datafield tag="046" ind1=" " ind2=" ">
    <subfield code="f">1955</subfield>
    <subfield code="2">edtf</subfield>
  </datafield>
  <datafield tag="100" ind1="1" ind2=" ">
    <subfield code="a">Hlavačka, Milan</subfield>
  </datafield>
  <datafield tag="370" ind1=" " ind2=" ">
    <subfield code="a">Beroun (Czech Republic : Okres)</subfield>
    <subfield code="2">naf</subfield>
  </datafield>
  <datafield tag="374" ind1=" " ind2=" ">
    <subfield code="a">Historians</subfield>
    <subfield code="a">College teachers</subfield>
    <subfield code="a">Editors</subfield>
    <subfield code="2">lcsh</subfield>
  </datafield>
  <datafield tag="376" ind1=" " ind2=" ">
    <subfield code="a">male</subfield>
  </datafield>
  <datafield tag="377" ind1=" " ind2=" ">
    <subfield code="a">cze</subfield>
  </datafield>
  <datafield tag="670" ind1=" " ind2=" ">
    <subfield code="a">His Podivná aliance, 1987:</subfield>
    <subfield code="b">t.p. (Milan Hlavačka)</subfield>
  </datafield>
  <datafield tag="670" ind1=" " ind2=" ">
    <subfield code="a">Ženy a milenky českých králů, 1994:</subfield>
    <subfield code="b">t.p. (Milan Hlavačka) jkt. (PhDr. Milan Hlavačka, b. 1955)</subfield>
  </datafield>
  <datafield tag="670" ind1=" " ind2=" ">
    <subfield code="a">Poverty, charity and social welfare in Central Europe in the 19th and 20th centuries, 2017:</subfield>
    <subfield code="b">t.p. (Milan Hlavačka) jkt. (Milan Hlavačka; professor of History at Charles University in Prague; scientific fellow at the Institute of History of the Czech Academy of Sciences; he is a member of the editorial boards of journals)</subfield>
  </datafield>
  <datafield tag="670" ind1=" " ind2=" ">
    <subfield code="a">Library of COngress/NACO in VIAF, 14 November 2017</subfield>
    <subfield code="b">(hdg.: Hlavačka, Milan)</subfield>
  </datafield>
  <datafield tag="670" ind1=" " ind2=" ">
    <subfield code="a">Wikipedia, 14 November 2017</subfield>
    <subfield code="b">(Milan Hlavačka; Prof. PhDr. Milan Hlavačka, CSc., (B. May 7, 1955 Beroun); is a Czech historian specializing in the political, social and economic history of the Hasburg monarchy and the Czech lands and also in the history of transport; historian and educator; 1974-1979 study history of German studies at Charles University; he was awarded the PhDr. (1982)and in 1985 he defended his dissertation at the Institute of Czechoslovak and World History of the Czechoslovak Academy of Sciences and received the title of CSc; worked at the Czechoslovak Academy of Sciences until 1991, when he graduated from the Department of Czechoslovak History at the Faculty of Physics of the Charles University)</subfield>
  </datafield>
  <datafield tag="953" ind1=" " ind2=" ">
    <subfield code="a">ee14</subfield>
    <subfield code="b">le08</subfield>
  </datafield>
</record>