
<record>
  <leader>01157cz  a2200229n  4500</leader>
  <controlfield tag="001">1177851</controlfield>
  <controlfield tag="003">DLC</controlfield>
  <controlfield tag="005">20200104073530.0</controlfield>
  <controlfield tag="008">890706n| azannaabn          |n aaa      </controlfield>
  <datafield tag="010" ind1=" " ind2=" ">
    <subfield code="a">n  89637774 </subfield>
  </datafield>
  <datafield tag="016" ind1=" " ind2=" ">
    <subfield code="a">0104G5249E</subfield>
  </datafield>
  <datafield tag="035" ind1=" " ind2=" ">
    <subfield code="a">(OCoLC)oca02555630</subfield>
  </datafield>
  <datafield tag="040" ind1=" " ind2=" ">
    <subfield code="a">DLC</subfield>
    <subfield code="b">eng</subfield>
    <subfield code="e">rda</subfield>
    <subfield code="c">DLC</subfield>
    <subfield code="d">DLC</subfield>
    <subfield code="d">DLC</subfield>
    <subfield code="d">NBuU</subfield>
    <subfield code="d">CaBViV</subfield>
    <subfield code="d">CaOONL</subfield>
  </datafield>
  <datafield tag="046" ind1=" " ind2=" ">
    <subfield code="f">1901-04-21</subfield>
    <subfield code="g">1989-05-30</subfield>
    <subfield code="2">edtf</subfield>
  </datafield>
  <datafield tag="100" ind1="1" ind2=" ">
    <subfield code="a">MacDonald, Thoreau,</subfield>
    <subfield code="d">1901-1989</subfield>
  </datafield>
  <datafield tag="670" ind1=" " ind2=" ">
    <subfield code="a">nuc88-86204: His Notebooks, 1980</subfield>
    <subfield code="b">(hdg. on NbU rept.: MacDonald, Thoreau, 1901- ; usage: Thoreau MacDonald)</subfield>
  </datafield>
  <datafield tag="670" ind1=" " ind2=" ">
    <subfield code="a">LC data base, 7/6/89</subfield>
    <subfield code="b">(hdg.: MacDonald, Thoreau, 1901- )</subfield>
  </datafield>
  <datafield tag="670" ind1=" " ind2=" ">
    <subfield code="a">Duncan, George W.J. Thoreau MacDonald&apos;s sketches of rural Ontario, c2004:</subfield>
    <subfield code="b">p. x, etc. (Thoreau MacDonald (1901-1989), noted Canadian illustrator, calligrapher, and book designer)</subfield>
  </datafield>
  <datafield tag="670" ind1=" " ind2=" ">
    <subfield code="a">AMICUS, July 8, 2009</subfield>
    <subfield code="b">(hdg.: MacDonald, Thoreau, 1901-1989; usage: Thoreau MacDonald)</subfield>
  </datafield>
  <datafield tag="670" ind1=" " ind2=" ">
    <subfield code="a">Wikipedia, Thoreau MacDonald, viewed July 8, 2009</subfield>
    <subfield code="b">( b. Apr. 21, 1901; d. May 30, 1989, Toronto, Ontario, Canada; Canadian illustrator, designer and painter)</subfield>
  </datafield>
  <datafield tag="700" ind1="1" ind2="6">
    <subfield code="a">MacDonald, Thoreau,</subfield>
    <subfield code="d">1901-1989</subfield>
    <subfield code="0">(CaOONL)ncf10057802</subfield>
  </datafield>
  <datafield tag="953" ind1=" " ind2=" ">
    <subfield code="a">na20</subfield>
    <subfield code="b">jh32</subfield>
  </datafield>
</record>