
<record>
  <leader>01427cz  a2200313n  4500</leader>
  <controlfield tag="001">1183443</controlfield>
  <controlfield tag="003">DLC</controlfield>
  <controlfield tag="005">20200104073316.0</controlfield>
  <controlfield tag="008">900717n| azannaabn          |b aaa     c</controlfield>
  <datafield tag="010" ind1=" " ind2=" ">
    <subfield code="a">nr 90012234 </subfield>
    <subfield code="z">n  88277771 </subfield>
  </datafield>
  <datafield tag="035" ind1=" " ind2=" ">
    <subfield code="a">(OCoLC)oca02785306</subfield>
  </datafield>
  <datafield tag="040" ind1=" " ind2=" ">
    <subfield code="a">NNC</subfield>
    <subfield code="b">eng</subfield>
    <subfield code="e">rda</subfield>
    <subfield code="c">NNC</subfield>
    <subfield code="d">DLC</subfield>
    <subfield code="d">OCl</subfield>
    <subfield code="d">DLC</subfield>
    <subfield code="d">OCoLC</subfield>
    <subfield code="d">DLC</subfield>
    <subfield code="d">WU</subfield>
  </datafield>
  <datafield tag="046" ind1=" " ind2=" ">
    <subfield code="f">1934-10-14</subfield>
    <subfield code="g">2011-04-22</subfield>
    <subfield code="2">edtf</subfield>
  </datafield>
  <datafield tag="053" ind1=" " ind2="0">
    <subfield code="a">PN2728.K674</subfield>
    <subfield code="c">Biography</subfield>
  </datafield>
  <datafield tag="100" ind1="1" ind2=" ">
    <subfield code="a">Kozakov, Mikhail,</subfield>
    <subfield code="d">1934-2011</subfield>
  </datafield>
  <datafield tag="370" ind1=" " ind2=" ">
    <subfield code="a">Saint Petersburg (Russia)</subfield>
    <subfield code="b">Ramat-Gan (Israel)</subfield>
    <subfield code="2">lcsh</subfield>
  </datafield>
  <datafield tag="374" ind1=" " ind2=" ">
    <subfield code="a">Actors</subfield>
    <subfield code="2">lcsh</subfield>
  </datafield>
  <datafield tag="375" ind1=" " ind2=" ">
    <subfield code="a">Males</subfield>
    <subfield code="2">lcdgt</subfield>
  </datafield>
  <datafield tag="377" ind1=" " ind2=" ">
    <subfield code="a">rus</subfield>
  </datafield>
  <datafield tag="400" ind1="1" ind2=" ">
    <subfield code="a">Козаков, Михаил,</subfield>
    <subfield code="d">1934-2011</subfield>
  </datafield>
  <datafield tag="400" ind1="1" ind2=" ">
    <subfield code="a">Kozakov, M. M.</subfield>
    <subfield code="q">(Mikhail Mikhaĭlovich),</subfield>
    <subfield code="d">1934-2011</subfield>
  </datafield>
  <datafield tag="667" ind1=" " ind2=" ">
    <subfield code="a">Machine-derived non-Latin script reference project.</subfield>
  </datafield>
  <datafield tag="667" ind1=" " ind2=" ">
    <subfield code="a">Non-Latin script reference not evaluated.</subfield>
  </datafield>
  <datafield tag="670" ind1=" " ind2=" ">
    <subfield code="a">Fragmenty, 1989:</subfield>
    <subfield code="b">t.p. (Mikhail Kozakov) colophon (Mikhail Mikhaĭlovich Kozakov)</subfield>
  </datafield>
  <datafield tag="670" ind1=" " ind2=" ">
    <subfield code="a">Kino slovarʹ, 1966</subfield>
    <subfield code="b">(Kozakov, Mikhail Mikhaĭlovich; actor; b. 14/10/1934)</subfield>
  </datafield>
  <datafield tag="670" ind1=" " ind2=" ">
    <subfield code="a">Tri-Mikhaila-tri, 1999:</subfield>
    <subfield code="b">colophon (M.M. Kozakov) p. 509 (Mikhail Kozakov-sredniĭ)</subfield>
  </datafield>
  <datafield tag="670" ind1=" " ind2=" ">
    <subfield code="a">Russian Wikipedia WWW site, Apr. 25, 2011</subfield>
    <subfield code="b">(Михаил Михайлович Козаков = Mikhail Mikhaĭlovich Kozakov; b. Oct. 14, 1934, Leningrad; d. Apr. 22, 2011, Ramat-Gan, Israel; Soviet, Russian, and Israeli director, theater and film actor)</subfield>
  </datafield>
  <datafield tag="953" ind1=" " ind2=" ">
    <subfield code="b">tc04</subfield>
  </datafield>
  <datafield tag="985" ind1=" " ind2=" ">
    <subfield code="c">RLIN</subfield>
    <subfield code="e">LSPC</subfield>
  </datafield>
</record>