
<record>
  <leader>01660cz  a2200265n  4500</leader>
  <controlfield tag="001">1184313</controlfield>
  <controlfield tag="003">DLC</controlfield>
  <controlfield tag="005">20200104073317.0</controlfield>
  <controlfield tag="008">900810n| azannaabn          |a aaa     c</controlfield>
  <datafield tag="010" ind1=" " ind2=" ">
    <subfield code="a">no 90016904 </subfield>
  </datafield>
  <datafield tag="035" ind1=" " ind2=" ">
    <subfield code="a">(OCoLC)oca02808371</subfield>
  </datafield>
  <datafield tag="040" ind1=" " ind2=" ">
    <subfield code="a">InU</subfield>
    <subfield code="b">eng</subfield>
    <subfield code="e">rda</subfield>
    <subfield code="c">InU</subfield>
    <subfield code="d">DLC</subfield>
    <subfield code="d">OU</subfield>
  </datafield>
  <datafield tag="046" ind1=" " ind2=" ">
    <subfield code="f">[1851-06-21,1851-06-23]</subfield>
    <subfield code="g">1920-05-23</subfield>
    <subfield code="2">edtf</subfield>
  </datafield>
  <datafield tag="100" ind1="1" ind2=" ">
    <subfield code="a">Steckelmacher, M.</subfield>
    <subfield code="q">(Moritz),</subfield>
    <subfield code="d">1851-1920</subfield>
  </datafield>
  <datafield tag="370" ind1=" " ind2=" ">
    <subfield code="a">Boskovice (Czech Republic)</subfield>
    <subfield code="b">Bad Dürrheim (Germany)</subfield>
    <subfield code="c">Germany</subfield>
    <subfield code="2">naf</subfield>
  </datafield>
  <datafield tag="374" ind1=" " ind2=" ">
    <subfield code="a">Rabbis</subfield>
    <subfield code="a">Philosophers</subfield>
    <subfield code="a">Authors</subfield>
    <subfield code="2">lcsh</subfield>
  </datafield>
  <datafield tag="375" ind1=" " ind2=" ">
    <subfield code="a">Males</subfield>
    <subfield code="2">lcdgt</subfield>
  </datafield>
  <datafield tag="378" ind1=" " ind2=" ">
    <subfield code="q">Moritz</subfield>
  </datafield>
  <datafield tag="400" ind1="1" ind2=" ">
    <subfield code="w">nnea</subfield>
    <subfield code="a">Steckelmacher, M.</subfield>
    <subfield code="q">(Moritz),</subfield>
    <subfield code="d">b. 1851</subfield>
  </datafield>
  <datafield tag="400" ind1="1" ind2=" ">
    <subfield code="a">Steckelmacher, Moritz,</subfield>
    <subfield code="d">1851-1920</subfield>
  </datafield>
  <datafield tag="670" ind1=" " ind2=" ">
    <subfield code="a">His Das Prinzip der Ethik vom philosophischen und jüdisch-theologischen Standpunkte aus betrachtet, 1904:</subfield>
    <subfield code="b">t.p. (Dr. M. Steckelmacher)</subfield>
  </datafield>
  <datafield tag="670" ind1=" " ind2=" ">
    <subfield code="a">GV 1700-1910</subfield>
    <subfield code="b">(Steckelmacher, Moritz, b. 6/21/1851; Rabbiner)</subfield>
  </datafield>
  <datafield tag="670" ind1=" " ind2=" ">
    <subfield code="a">Wikidata via Wikipedia, December 30, 2019</subfield>
    <subfield code="b">(alias: Moritz Steckelmacher; GND identifier: 101256195X; instance of: human; sex or gender: male; date of birth: +1851-06-23T00:00:00Z; date of death: +1920-05-23T00:00:00Z; occupation: rabbi; place of birth: Boskovice; place of death: Bad Dürrheim; VIAF identifier: 68489540; LCAuth identifier: no90016904; SUDOC authorities: 104518049; NUKAT authorities: n2013137650; ISNI (P213): 0000000120278294; NTA identifier (Netherlands): 242961266; given name: Moritz; Austrian Biographical Encylopedia ID (P6194): S/Steckelmacher_Moritz_1851_1920; religion: Judaism; description/label: Besuch der Jeschiwa in Pressburg)</subfield>
    <subfield code="u">http://www.wikidata.org/entity/Q55679179</subfield>
  </datafield>
  <datafield tag="953" ind1=" " ind2=" ">
    <subfield code="a">xx00</subfield>
  </datafield>
  <datafield tag="985" ind1=" " ind2=" ">
    <subfield code="c">OCLC</subfield>
    <subfield code="e">LSPC</subfield>
  </datafield>
</record>