
<record>
  <leader>01361cz  a2200205n  4500</leader>
  <controlfield tag="001">1210844</controlfield>
  <controlfield tag="003">DLC</controlfield>
  <controlfield tag="005">20200104073252.0</controlfield>
  <controlfield tag="008">910625n| azannaabn          |a ana      </controlfield>
  <datafield tag="010" ind1=" " ind2=" ">
    <subfield code="a">n  91062854 </subfield>
  </datafield>
  <datafield tag="035" ind1=" " ind2=" ">
    <subfield code="a">(OCoLC)oca02973776</subfield>
  </datafield>
  <datafield tag="040" ind1=" " ind2=" ">
    <subfield code="a">DNAL</subfield>
    <subfield code="b">eng</subfield>
    <subfield code="e">rda</subfield>
    <subfield code="c">DNAL</subfield>
    <subfield code="d">DLC</subfield>
    <subfield code="d">WaPS</subfield>
  </datafield>
  <datafield tag="110" ind1="2" ind2=" ">
    <subfield code="a">Washington State University.</subfield>
    <subfield code="b">Wood Materials and Engineering Laboratory</subfield>
  </datafield>
  <datafield tag="410" ind1="2" ind2=" ">
    <subfield code="a">Washington State University.</subfield>
    <subfield code="b">Department of Materials Science and Engineering.</subfield>
    <subfield code="b">Wood Materials and Engineering Laboratory</subfield>
  </datafield>
  <datafield tag="510" ind1="2" ind2=" ">
    <subfield code="w">a</subfield>
    <subfield code="a">Washington State University.</subfield>
    <subfield code="b">Wood Technology Section</subfield>
  </datafield>
  <datafield tag="510" ind1="2" ind2=" ">
    <subfield code="w">r</subfield>
    <subfield code="i">Hierarchical superior:</subfield>
    <subfield code="a">Washington State University.</subfield>
    <subfield code="b">Department of Materials Science and Engineering</subfield>
  </datafield>
  <datafield tag="670" ind1=" " ind2=" ">
    <subfield code="a">Wash. State Univ. Internat. Particleboard/Composite Materials Symp. Proceedings, 1986:</subfield>
    <subfield code="b">t.p. (Wood Materials and Engineering Laboratory, College of Engineering and Architecture, Washington State University)</subfield>
  </datafield>
  <datafield tag="670" ind1=" " ind2=" ">
    <subfield code="a">Phone call to College of Engineering and Architecture, 5/10/91:</subfield>
    <subfield code="b">(Wood Materials and Engineering Laboratory is an admin. subdiv. of Washington State University, College of Engineering and Architecture, Dept. of Materials Science &amp; Engineering; it was previously known as Washington State University. Wood Technology Section)</subfield>
  </datafield>
  <datafield tag="675" ind1=" " ind2=" ">
    <subfield code="a">LC data base, 5/21/91: (hdg.: Washington State University. Wood Technology Section)</subfield>
  </datafield>
  <datafield tag="953" ind1=" " ind2=" ">
    <subfield code="a">bz37</subfield>
  </datafield>
</record>