
<record>
  <leader>00614cz  a2200181n  4500</leader>
  <controlfield tag="001">1211190</controlfield>
  <controlfield tag="003">DLC</controlfield>
  <controlfield tag="005">20200104073254.0</controlfield>
  <controlfield tag="008">910708n| azannaabn          |n aaa      </controlfield>
  <datafield tag="010" ind1=" " ind2=" ">
    <subfield code="a">n  91066714 </subfield>
  </datafield>
  <datafield tag="035" ind1=" " ind2=" ">
    <subfield code="a">(OCoLC)oca02978400</subfield>
  </datafield>
  <datafield tag="040" ind1=" " ind2=" ">
    <subfield code="a">DLC</subfield>
    <subfield code="b">eng</subfield>
    <subfield code="e">rda</subfield>
    <subfield code="c">DLC</subfield>
    <subfield code="d">DLC</subfield>
    <subfield code="d">MH</subfield>
  </datafield>
  <datafield tag="046" ind1=" " ind2=" ">
    <subfield code="f">1943</subfield>
    <subfield code="g">2009</subfield>
    <subfield code="2">edtf</subfield>
  </datafield>
  <datafield tag="100" ind1="1" ind2=" ">
    <subfield code="a">Thorsteinsson, Jákup,</subfield>
    <subfield code="d">1943-2009</subfield>
  </datafield>
  <datafield tag="370" ind1=" " ind2=" ">
    <subfield code="a">Faroe Islands</subfield>
    <subfield code="2">naf</subfield>
  </datafield>
  <datafield tag="670" ind1=" " ind2=" ">
    <subfield code="a">His Et færø som færø, 1990:</subfield>
    <subfield code="b">t.p. (Jákup Thorsteinsson) verso t.p. (b. 1943)</subfield>
  </datafield>
  <datafield tag="670" ind1=" " ind2=" ">
    <subfield code="a">Loysingarpolitikkur í 1940-árunum, 2014:</subfield>
    <subfield code="b">t.p. (Jakup Thorsteinsson) cover p. 4 (1943-2009; dr. phil.)</subfield>
  </datafield>
  <datafield tag="953" ind1=" " ind2=" ">
    <subfield code="a">ed05</subfield>
  </datafield>
</record>