
<record>
  <leader>01201cz  a2200289n  4500</leader>
  <controlfield tag="001">1238968</controlfield>
  <controlfield tag="003">DLC</controlfield>
  <controlfield tag="005">20200104073513.0</controlfield>
  <controlfield tag="008">930205n| azannaabn          |b aaa      </controlfield>
  <datafield tag="010" ind1=" " ind2=" ">
    <subfield code="a">n  93011154 </subfield>
  </datafield>
  <datafield tag="035" ind1=" " ind2=" ">
    <subfield code="a">(OCoLC)oca03312638</subfield>
  </datafield>
  <datafield tag="040" ind1=" " ind2=" ">
    <subfield code="a">DLC</subfield>
    <subfield code="b">eng</subfield>
    <subfield code="c">DLC</subfield>
    <subfield code="d">OCoLC</subfield>
    <subfield code="e">rda</subfield>
    <subfield code="d">DLC</subfield>
    <subfield code="d">MH</subfield>
  </datafield>
  <datafield tag="046" ind1=" " ind2=" ">
    <subfield code="f">1942</subfield>
  </datafield>
  <datafield tag="100" ind1="1" ind2=" ">
    <subfield code="a">Tan, Kim Hong</subfield>
  </datafield>
  <datafield tag="371" ind1=" " ind2=" ">
    <subfield code="a">7, Lorong Kenari 14, Taman Desaria, Sungai Ara</subfield>
    <subfield code="b">Penang</subfield>
    <subfield code="d">Malaysia</subfield>
    <subfield code="e">11900</subfield>
    <subfield code="m">kimhongtan80@gmail.com</subfield>
  </datafield>
  <datafield tag="375" ind1=" " ind2=" ">
    <subfield code="a">male</subfield>
  </datafield>
  <datafield tag="377" ind1=" " ind2=" ">
    <subfield code="a">chi</subfield>
  </datafield>
  <datafield tag="400" ind1="1" ind2=" ">
    <subfield code="a">Chen, Jianhong</subfield>
  </datafield>
  <datafield tag="400" ind1="1" ind2=" ">
    <subfield code="a">陈剑虹</subfield>
  </datafield>
  <datafield tag="400" ind1="1" ind2=" ">
    <subfield code="a">陳劍虹</subfield>
  </datafield>
  <datafield tag="667" ind1=" " ind2=" ">
    <subfield code="a">Machine-derived non-Latin script reference project.</subfield>
  </datafield>
  <datafield tag="667" ind1=" " ind2=" ">
    <subfield code="a">Non-Latin script references not evaluated.</subfield>
  </datafield>
  <datafield tag="667" ind1=" " ind2=" ">
    <subfield code="a">Non-Latin script references reviewed in NACO CJK Funnel References Project.</subfield>
  </datafield>
  <datafield tag="670" ind1=" " ind2=" ">
    <subfield code="a">Tsang, J.N. Force 136, 1991:</subfield>
    <subfield code="b">t.p. (Tan Kim Hong)</subfield>
  </datafield>
  <datafield tag="670" ind1=" " ind2=" ">
    <subfield code="a">Zou jin Yi xing gong si, 2015:</subfield>
    <subfield code="b">t.p. (陈剑虹 = Chen Jianhong) t.p. verso (born 1942; address: 7, Lorong Kenari 14, Taman Desaria, Sungai Ara, 11900 Penang, Malaysia; email: kimhongtan80@gmail.com)</subfield>
  </datafield>
  <datafield tag="670" ind1=" " ind2=" ">
    <subfield code="a">OCLC #914257319, November 5, 2019</subfield>
    <subfield code="b">(access point: 陈剑虹 = Tan, Kim Hong; usage: 陈剑虹 = Chen Jianhong)</subfield>
  </datafield>
  <datafield tag="953" ind1=" " ind2=" ">
    <subfield code="a">yk07</subfield>
    <subfield code="b">ec11</subfield>
  </datafield>
</record>