
<record>
  <leader>00723cz  a2200181n  4500</leader>
  <controlfield tag="001">1261023</controlfield>
  <controlfield tag="003">DLC</controlfield>
  <controlfield tag="005">20200104073509.0</controlfield>
  <controlfield tag="008">940218n| azannaabn          |n aaa      </controlfield>
  <datafield tag="010" ind1=" " ind2=" ">
    <subfield code="a">n  94016434 </subfield>
    <subfield code="z">n  94017411 </subfield>
  </datafield>
  <datafield tag="035" ind1=" " ind2=" ">
    <subfield code="a">(OCoLC)oca03551128</subfield>
  </datafield>
  <datafield tag="040" ind1=" " ind2=" ">
    <subfield code="a">DLC</subfield>
    <subfield code="b">eng</subfield>
    <subfield code="e">rda</subfield>
    <subfield code="c">DLC</subfield>
    <subfield code="d">DLC</subfield>
    <subfield code="d">NcU</subfield>
  </datafield>
  <datafield tag="100" ind1="1" ind2=" ">
    <subfield code="a">Lange, Don</subfield>
  </datafield>
  <datafield tag="370" ind1=" " ind2=" ">
    <subfield code="c">United States</subfield>
    <subfield code="2">naf</subfield>
  </datafield>
  <datafield tag="374" ind1=" " ind2=" ">
    <subfield code="a">Folk musicians</subfield>
    <subfield code="a">Vintners</subfield>
    <subfield code="2">lcsh</subfield>
  </datafield>
  <datafield tag="670" ind1=" " ind2=" ">
    <subfield code="a">His Natural born heathen [SR] p1978:</subfield>
    <subfield code="b">label (Don Lange)</subfield>
  </datafield>
  <datafield tag="670" ind1=" " ind2=" ">
    <subfield code="a">Lange Estate Winery &amp; Vineyards WWW site, Dec. 23, 2019</subfield>
    <subfield code="b">(Don Lange; winemaker; songwriter and folk musician who has recorded three albums; owner of winery in Dundee, Or.)</subfield>
    <subfield code="u">https://www.langewinery.com/about-us/the-lange-family/don-lange/</subfield>
  </datafield>
  <datafield tag="953" ind1=" " ind2=" ">
    <subfield code="a">ns24</subfield>
  </datafield>
</record>