
<record>
  <leader>01582cz  a2200397n  4500</leader>
  <controlfield tag="001">1262838</controlfield>
  <controlfield tag="003">DLC</controlfield>
  <controlfield tag="005">20200104073520.0</controlfield>
  <controlfield tag="008">940713nc azannaabn          |b aaa     c</controlfield>
  <datafield tag="010" ind1=" " ind2=" ">
    <subfield code="a">nr 94023104 </subfield>
  </datafield>
  <datafield tag="035" ind1=" " ind2=" ">
    <subfield code="a">(OCoLC)oca03661055</subfield>
  </datafield>
  <datafield tag="040" ind1=" " ind2=" ">
    <subfield code="a">NjP</subfield>
    <subfield code="b">eng</subfield>
    <subfield code="e">rda</subfield>
    <subfield code="c">NjP</subfield>
    <subfield code="d">OCoLC</subfield>
    <subfield code="d">DLC</subfield>
    <subfield code="d">OCoLC</subfield>
    <subfield code="d">HkUST</subfield>
    <subfield code="d">DLC</subfield>
    <subfield code="d">MH</subfield>
  </datafield>
  <datafield tag="046" ind1=" " ind2=" ">
    <subfield code="f">1562</subfield>
  </datafield>
  <datafield tag="053" ind1=" " ind2="0">
    <subfield code="a">PL2698.T34</subfield>
  </datafield>
  <datafield tag="100" ind1="1" ind2=" ">
    <subfield code="a">Tao, Wangling,</subfield>
    <subfield code="d">1562-</subfield>
  </datafield>
  <datafield tag="400" ind1="1" ind2=" ">
    <subfield code="a">Tʻao, Chou-wang,</subfield>
    <subfield code="d">1562-</subfield>
  </datafield>
  <datafield tag="400" ind1="1" ind2=" ">
    <subfield code="a">Tʻao, Shih-kʻuei,</subfield>
    <subfield code="d">1562-</subfield>
  </datafield>
  <datafield tag="400" ind1="1" ind2=" ">
    <subfield code="a">Tao, Shikui,</subfield>
    <subfield code="d">1562-</subfield>
  </datafield>
  <datafield tag="400" ind1="1" ind2=" ">
    <subfield code="w">nnea</subfield>
    <subfield code="a">Tʻao, Wang-ling,</subfield>
    <subfield code="d">b. 1562</subfield>
  </datafield>
  <datafield tag="400" ind1="1" ind2=" ">
    <subfield code="w">nnea</subfield>
    <subfield code="a">Tao, Wangling,</subfield>
    <subfield code="d">b. 1562</subfield>
  </datafield>
  <datafield tag="400" ind1="1" ind2=" ">
    <subfield code="a">Tʻao, Wen-chien,</subfield>
    <subfield code="d">1562-</subfield>
  </datafield>
  <datafield tag="400" ind1="1" ind2=" ">
    <subfield code="a">Tao, Wenjian,</subfield>
    <subfield code="d">1562-</subfield>
  </datafield>
  <datafield tag="400" ind1="1" ind2=" ">
    <subfield code="a">Tao, Zhouwang,</subfield>
    <subfield code="d">1562-</subfield>
  </datafield>
  <datafield tag="400" ind1="1" ind2=" ">
    <subfield code="a">陶周望,</subfield>
    <subfield code="d">1562-</subfield>
  </datafield>
  <datafield tag="400" ind1="1" ind2=" ">
    <subfield code="a">陶望齡,</subfield>
    <subfield code="d">1562-</subfield>
  </datafield>
  <datafield tag="400" ind1="1" ind2=" ">
    <subfield code="a">陶望龄,</subfield>
    <subfield code="d">1562-</subfield>
  </datafield>
  <datafield tag="400" ind1="1" ind2=" ">
    <subfield code="a">陶文簡,</subfield>
    <subfield code="d">1562-</subfield>
  </datafield>
  <datafield tag="400" ind1="1" ind2=" ">
    <subfield code="a">陶石簣,</subfield>
    <subfield code="d">1562-</subfield>
  </datafield>
  <datafield tag="667" ind1=" " ind2=" ">
    <subfield code="a">Machine-derived non-Latin script reference project.</subfield>
  </datafield>
  <datafield tag="667" ind1=" " ind2=" ">
    <subfield code="a">Non-Latin script references not evaluated.</subfield>
  </datafield>
  <datafield tag="667" ind1=" " ind2=" ">
    <subfield code="a">Non-Latin script references reviewed in NACO CJK Funnel References Project.</subfield>
  </datafield>
  <datafield tag="670" ind1=" " ind2=" ">
    <subfield code="a">Kuei-chi san fu, between 1621 and 1627:</subfield>
    <subfield code="b">t.p. (陶望齡 = Tʻao Wang-ling) pref. (陶石簣 = Tʻao Shih-kʻuei)</subfield>
  </datafield>
  <datafield tag="670" ind1=" " ind2=" ">
    <subfield code="a">Ming jen chuan chi tzu liao so yin, 1966</subfield>
    <subfield code="b">(陶望齡  = Tʻao Wang-ling (1562- ); t. 周望 = Chou-wang; h. 石簣 = Shih-kʻuei; posth. 文簡 = Wen-chien)</subfield>
  </datafield>
  <datafield tag="670" ind1=" " ind2=" ">
    <subfield code="a">OCLC #122792380, November 21, 2019</subfield>
    <subfield code="b">(access point: 陶望齡, 1562- = Tao, Wangling, 1562-; usage: 陶望齡 = Tao Wangling)</subfield>
  </datafield>
  <datafield tag="953" ind1=" " ind2=" ">
    <subfield code="a">xx00</subfield>
    <subfield code="b">ta27</subfield>
  </datafield>
  <datafield tag="985" ind1=" " ind2=" ">
    <subfield code="c">RLIN</subfield>
    <subfield code="e">LSPC</subfield>
  </datafield>
</record>