
<record>
  <leader>01110cz  a2200241n  4500</leader>
  <controlfield tag="001">1322850</controlfield>
  <controlfield tag="003">DLC</controlfield>
  <controlfield tag="005">20200104073507.0</controlfield>
  <controlfield tag="008">970224n| azannaabn          |b aaa     c</controlfield>
  <datafield tag="010" ind1=" " ind2=" ">
    <subfield code="a">nr 97007054 </subfield>
  </datafield>
  <datafield tag="035" ind1=" " ind2=" ">
    <subfield code="a">(OCoLC)oca04280333</subfield>
  </datafield>
  <datafield tag="040" ind1=" " ind2=" ">
    <subfield code="a">NIC</subfield>
    <subfield code="b">eng</subfield>
    <subfield code="e">rda</subfield>
    <subfield code="c">NIC</subfield>
    <subfield code="d">OCoLC</subfield>
    <subfield code="d">CSt</subfield>
    <subfield code="d">MH</subfield>
  </datafield>
  <datafield tag="100" ind1="1" ind2=" ">
    <subfield code="a">Tang, Xiaofang</subfield>
  </datafield>
  <datafield tag="400" ind1="1" ind2=" ">
    <subfield code="a">Tang, Xiao-fang</subfield>
  </datafield>
  <datafield tag="400" ind1="1" ind2=" ">
    <subfield code="a">唐晓芳</subfield>
  </datafield>
  <datafield tag="667" ind1=" " ind2=" ">
    <subfield code="a">Non-Latin script reference not evaluated.</subfield>
  </datafield>
  <datafield tag="667" ind1=" " ind2=" ">
    <subfield code="a">Non-Latin script references reviewed in NACO CJK Funnel References Project.</subfield>
  </datafield>
  <datafield tag="670" ind1=" " ind2=" ">
    <subfield code="a">ICSP &apos;96, 1996:</subfield>
    <subfield code="b">t.p. (Tang Xiaofang)</subfield>
  </datafield>
  <datafield tag="670" ind1=" " ind2=" ">
    <subfield code="a">IEEE TENCOM &apos;02 [sic], 2002?:</subfield>
    <subfield code="b">PDF t.p.  (Xiaofang Tang) PDF IEEE TENCOM&apos;02 conference committees (Ms. Tang Xiaofang (NJTU))</subfield>
  </datafield>
  <datafield tag="670" ind1=" " ind2=" ">
    <subfield code="a">ACTA Electronica Sinica website, June 7, 2013</subfield>
    <subfield code="b">(唐晓芳=Tang Xiao-fang; Institute of Information Science, Beijing Jiaotong University, Beijing)</subfield>
    <subfield code="u">http://www.ejournal.org.cn/Jweb_dzxb/CN/10.3969/j.issn.0372-2112.2012.09.031#</subfield>
  </datafield>
  <datafield tag="670" ind1=" " ind2=" ">
    <subfield code="a">OCLC #54694311, November 20, 2019</subfield>
    <subfield code="b">(access point: 唐晓芳 = Tang, Xiaofang; usage: 唐晓芳 = Tang Xiaofang )</subfield>
  </datafield>
  <datafield tag="953" ind1=" " ind2=" ">
    <subfield code="a">xx00</subfield>
  </datafield>
  <datafield tag="985" ind1=" " ind2=" ">
    <subfield code="c">RLG</subfield>
    <subfield code="e">LSPC</subfield>
  </datafield>
</record>