
<record>
  <leader>01603cz  a2200313n  4500</leader>
  <controlfield tag="001">1330578</controlfield>
  <controlfield tag="003">DLC</controlfield>
  <controlfield tag="005">20200104073439.0</controlfield>
  <controlfield tag="008">970605n| azannaabn          |a aaa     c</controlfield>
  <datafield tag="010" ind1=" " ind2=" ">
    <subfield code="a">no 97034144 </subfield>
  </datafield>
  <datafield tag="035" ind1=" " ind2=" ">
    <subfield code="a">(OCoLC)oca04355259</subfield>
  </datafield>
  <datafield tag="040" ind1=" " ind2=" ">
    <subfield code="a">PPi-MA</subfield>
    <subfield code="b">eng</subfield>
    <subfield code="e">rda</subfield>
    <subfield code="c">PPi-MA</subfield>
    <subfield code="d">MoSW-Mu</subfield>
  </datafield>
  <datafield tag="046" ind1=" " ind2=" ">
    <subfield code="f">1893-12-19</subfield>
    <subfield code="g">1978-02-06</subfield>
    <subfield code="2">edtf</subfield>
  </datafield>
  <datafield tag="100" ind1="1" ind2=" ">
    <subfield code="a">Foss, Dora,</subfield>
    <subfield code="d">1893-1978</subfield>
  </datafield>
  <datafield tag="370" ind1=" " ind2=" ">
    <subfield code="a">London</subfield>
    <subfield code="e">Hampstead (London, England)</subfield>
    <subfield code="2">naf</subfield>
  </datafield>
  <datafield tag="372" ind1=" " ind2=" ">
    <subfield code="a">Music</subfield>
    <subfield code="2">lcsh</subfield>
  </datafield>
  <datafield tag="373" ind1=" " ind2=" ">
    <subfield code="a">London Academy of Music</subfield>
    <subfield code="2">naf</subfield>
  </datafield>
  <datafield tag="374" ind1=" " ind2=" ">
    <subfield code="a">Sopranos (Singers)</subfield>
    <subfield code="2">lcsh</subfield>
  </datafield>
  <datafield tag="375" ind1=" " ind2=" ">
    <subfield code="a">Females</subfield>
    <subfield code="2">lcdgt</subfield>
  </datafield>
  <datafield tag="377" ind1=" " ind2=" ">
    <subfield code="a">eng</subfield>
  </datafield>
  <datafield tag="378" ind1=" " ind2=" ">
    <subfield code="q">Dora Maria</subfield>
  </datafield>
  <datafield tag="400" ind1="1" ind2=" ">
    <subfield code="a">Stevens, Dora,</subfield>
    <subfield code="d">1893-1978</subfield>
  </datafield>
  <datafield tag="667" ind1=" " ind2=" ">
    <subfield code="a">AACR2 heading: Stevens, Dora</subfield>
  </datafield>
  <datafield tag="670" ind1=" " ind2=" ">
    <subfield code="a">Walton, W. Gramophone premières [SR] p1993:</subfield>
    <subfield code="b">label (Dora Stevens) container (soprano) insert (married to Hubert Foss)</subfield>
  </datafield>
  <datafield tag="670" ind1=" " ind2=" ">
    <subfield code="a">Music in their time, 2019:</subfield>
    <subfield code="b">title page, etc. (Dora Foss; Dora Maria Stevens; born 1893, London; grew up in Hampstead; trained at the London Academy of Music; served as a nurse in WWI; embarked on singing career after the war; married Hubert Foss in 1927; continued singing career under her maiden name into the mid-1930s, when she stopped singing because of tuberculosis; died at age of 84)</subfield>
  </datafield>
  <datafield tag="670" ind1=" " ind2=" ">
    <subfield code="a">England &amp; Wales, Civil Registration Death Index in Ancestry.com Library Edition, Jan. 3, 2020</subfield>
    <subfield code="b">(Foss, Dora Maria; born Dec. 19, 1893; death registered first quarter of 1978)</subfield>
  </datafield>
  <datafield tag="670" ind1=" " ind2=" ">
    <subfield code="a">England &amp; Wales, National Probate Calendar in Ancestry.com Library Edition, Jan. 3, 2020</subfield>
    <subfield code="b">(Foss, Dora Maria; died Feb. 6, 1978)</subfield>
  </datafield>
  <datafield tag="953" ind1=" " ind2=" ">
    <subfield code="a">xx00</subfield>
  </datafield>
  <datafield tag="985" ind1=" " ind2=" ">
    <subfield code="c">OCLC</subfield>
    <subfield code="e">LSPC</subfield>
  </datafield>
</record>