
<record>
  <leader>01131cz  a2200265n  4500</leader>
  <controlfield tag="001">1342937</controlfield>
  <controlfield tag="003">DLC</controlfield>
  <controlfield tag="005">20200104073510.0</controlfield>
  <controlfield tag="008">970929nc azannaabn          |b aaa      </controlfield>
  <datafield tag="010" ind1=" " ind2=" ">
    <subfield code="a">n  97099014 </subfield>
  </datafield>
  <datafield tag="035" ind1=" " ind2=" ">
    <subfield code="a">(OCoLC)oca04462099</subfield>
  </datafield>
  <datafield tag="040" ind1=" " ind2=" ">
    <subfield code="a">DLC</subfield>
    <subfield code="b">eng</subfield>
    <subfield code="e">rda</subfield>
    <subfield code="c">DLC</subfield>
    <subfield code="d">OCoLC</subfield>
    <subfield code="d">DLC</subfield>
    <subfield code="d">MH</subfield>
  </datafield>
  <datafield tag="046" ind1=" " ind2=" ">
    <subfield code="s">04</subfield>
  </datafield>
  <datafield tag="100" ind1="0" ind2=" ">
    <subfield code="a">Tanyao,</subfield>
    <subfield code="d">active 5th century</subfield>
  </datafield>
  <datafield tag="400" ind1="0" ind2=" ">
    <subfield code="w">nnea</subfield>
    <subfield code="a">Tʻan-yao,</subfield>
    <subfield code="d">5th cent</subfield>
  </datafield>
  <datafield tag="400" ind1="0" ind2=" ">
    <subfield code="w">nnea</subfield>
    <subfield code="a">Tanyao,</subfield>
    <subfield code="d">5th cent.</subfield>
  </datafield>
  <datafield tag="400" ind1="0" ind2=" ">
    <subfield code="a">昙曜,</subfield>
    <subfield code="d">active 5th century</subfield>
  </datafield>
  <datafield tag="400" ind1="0" ind2=" ">
    <subfield code="a">曇曜,</subfield>
    <subfield code="d">active 5th century</subfield>
  </datafield>
  <datafield tag="667" ind1=" " ind2=" ">
    <subfield code="a">Machine-derived non-Latin script reference project.</subfield>
  </datafield>
  <datafield tag="667" ind1=" " ind2=" ">
    <subfield code="a">Non-Latin script references not evaluated.</subfield>
  </datafield>
  <datafield tag="667" ind1=" " ind2=" ">
    <subfield code="a">Non-Latin script references reviewed in NACO CJK Funnel References Project.</subfield>
  </datafield>
  <datafield tag="670" ind1=" " ind2=" ">
    <subfield code="a">Tsa pao tsang ching. English. The storehouse of sundry valuables, 1994:</subfield>
    <subfield code="b">t.p. (Tʻan-yao)</subfield>
  </datafield>
  <datafield tag="670" ind1=" " ind2=" ">
    <subfield code="a">Fo kuang ta tzʻu tien, 1989:</subfield>
    <subfield code="b">p. 6241 (Tʻan-yao; a monk-translator during the time of the pei Wei regime, in the 5th century)</subfield>
  </datafield>
  <datafield tag="670" ind1=" " ind2=" ">
    <subfield code="a">OCLC #40174438, November 20, 2019</subfield>
    <subfield code="b">(access point: 昙曜, active 5th century = Tanyao, active 5th century; usage: 昙曜 = Tanyao)</subfield>
  </datafield>
  <datafield tag="953" ind1=" " ind2=" ">
    <subfield code="a">yb22</subfield>
  </datafield>
</record>