
<record>
  <leader>01050cz  a2200229n  4500</leader>
  <controlfield tag="001">1367014</controlfield>
  <controlfield tag="003">DLC</controlfield>
  <controlfield tag="005">20200104073444.0</controlfield>
  <controlfield tag="008">980129n| azannaabn          |a aaa     c</controlfield>
  <datafield tag="010" ind1=" " ind2=" ">
    <subfield code="a">no 98050684 </subfield>
  </datafield>
  <datafield tag="035" ind1=" " ind2=" ">
    <subfield code="a">(OCoLC)oca04636581</subfield>
  </datafield>
  <datafield tag="040" ind1=" " ind2=" ">
    <subfield code="a">OCoLC</subfield>
    <subfield code="b">eng</subfield>
    <subfield code="e">rda</subfield>
    <subfield code="c">OCoLC</subfield>
    <subfield code="d">DLC</subfield>
    <subfield code="d">PPi-MA</subfield>
  </datafield>
  <datafield tag="100" ind1="1" ind2=" ">
    <subfield code="a">Morlacchi, Francesco,</subfield>
    <subfield code="d">1784-1841.</subfield>
    <subfield code="t">Finaletto,</subfield>
    <subfield code="m">flute, clarinet, horn, violin, viola, cello</subfield>
  </datafield>
  <datafield tag="380" ind1=" " ind2=" ">
    <subfield code="a">Chamber music</subfield>
    <subfield code="2">lcgft</subfield>
  </datafield>
  <datafield tag="382" ind1="0" ind2=" ">
    <subfield code="a">flute</subfield>
    <subfield code="n">1</subfield>
    <subfield code="a">clarinet</subfield>
    <subfield code="n">1</subfield>
    <subfield code="a">horn</subfield>
    <subfield code="n">1</subfield>
    <subfield code="a">violin</subfield>
    <subfield code="n">1</subfield>
    <subfield code="a">viola</subfield>
    <subfield code="n">1</subfield>
    <subfield code="a">cello</subfield>
    <subfield code="n">1</subfield>
    <subfield code="s">6</subfield>
    <subfield code="2">lcmpt</subfield>
  </datafield>
  <datafield tag="400" ind1="1" ind2=" ">
    <subfield code="w">nnea</subfield>
    <subfield code="a">Morlacchi, Francesco,</subfield>
    <subfield code="d">1784-1841.</subfield>
    <subfield code="t">Finaletto,</subfield>
    <subfield code="m">woodwinds, horn, strings</subfield>
  </datafield>
  <datafield tag="667" ind1=" " ind2=" ">
    <subfield code="a">Machine-derived authority record.</subfield>
  </datafield>
  <datafield tag="670" ind1=" " ind2=" ">
    <subfield code="a">LCCN 94-770625: Morlacchi, F. La musica strumentale, 1991</subfield>
    <subfield code="b">(Finaletto per violino, viola, flauto, clarinetto, corno e violoncello)</subfield>
  </datafield>
  <datafield tag="670" ind1=" " ind2=" ">
    <subfield code="a">Italian Wikipedia, January 3, 2020</subfield>
    <subfield code="b">(Finaletto per flauto, clarinetto, corno, violino, viola e violoncello)</subfield>
  </datafield>
  <datafield tag="670" ind1=" " ind2=" ">
    <subfield code="a">Grove music online, January 3, 2020</subfield>
    <subfield code="b">(Finaletto, fl, cl, hn, vn, va, vc, n.d.)</subfield>
  </datafield>
  <datafield tag="953" ind1=" " ind2=" ">
    <subfield code="a">xx00</subfield>
  </datafield>
  <datafield tag="985" ind1=" " ind2=" ">
    <subfield code="c">OCLC</subfield>
    <subfield code="e">LSPC</subfield>
  </datafield>
</record>