
<record>
  <leader>02933cz  a2200349n  4500</leader>
  <controlfield tag="001">1427248</controlfield>
  <controlfield tag="003">DLC</controlfield>
  <controlfield tag="005">20200104073357.0</controlfield>
  <controlfield tag="008">800507n| azannaabn          |a aaa      </controlfield>
  <datafield tag="010" ind1=" " ind2=" ">
    <subfield code="a">n  79091899 </subfield>
  </datafield>
  <datafield tag="035" ind1=" " ind2=" ">
    <subfield code="a">(OCoLC)oca00324199</subfield>
  </datafield>
  <datafield tag="040" ind1=" " ind2=" ">
    <subfield code="a">DLC</subfield>
    <subfield code="b">eng</subfield>
    <subfield code="e">rda</subfield>
    <subfield code="c">DLC</subfield>
    <subfield code="d">DLC</subfield>
    <subfield code="d">OU</subfield>
  </datafield>
  <datafield tag="046" ind1=" " ind2=" ">
    <subfield code="f">1904-09-18</subfield>
    <subfield code="g">1991-06-05</subfield>
    <subfield code="2">edtf</subfield>
  </datafield>
  <datafield tag="100" ind1="1" ind2=" ">
    <subfield code="a">Rosenthal, Erwin I. J.</subfield>
    <subfield code="q">(Erwin Isak Jakob),</subfield>
    <subfield code="d">1904-1991</subfield>
  </datafield>
  <datafield tag="370" ind1=" " ind2=" ">
    <subfield code="a">Heilbronn (Germany)</subfield>
    <subfield code="b">Cambridge (England)</subfield>
    <subfield code="c">England</subfield>
    <subfield code="2">naf</subfield>
  </datafield>
  <datafield tag="370" ind1=" " ind2=" ">
    <subfield code="e">England</subfield>
    <subfield code="2">naf</subfield>
    <subfield code="s">1933</subfield>
    <subfield code="t">1991</subfield>
  </datafield>
  <datafield tag="372" ind1=" " ind2=" ">
    <subfield code="a">Hebrew language</subfield>
    <subfield code="a">Orientalism</subfield>
    <subfield code="2">lcsh</subfield>
  </datafield>
  <datafield tag="374" ind1=" " ind2=" ">
    <subfield code="a">College teachers</subfield>
    <subfield code="a">Authors</subfield>
    <subfield code="2">lcsh</subfield>
  </datafield>
  <datafield tag="375" ind1=" " ind2=" ">
    <subfield code="a">Males</subfield>
    <subfield code="2">lcdgt</subfield>
  </datafield>
  <datafield tag="378" ind1=" " ind2=" ">
    <subfield code="q">Erwin Isak Jakob</subfield>
  </datafield>
  <datafield tag="400" ind1="1" ind2=" ">
    <subfield code="a">Rosenthal, E. I. J.</subfield>
    <subfield code="q">(Erwin Isak Jacob),</subfield>
    <subfield code="d">1904-1991</subfield>
  </datafield>
  <datafield tag="400" ind1="1" ind2=" ">
    <subfield code="a">Rosenthal, Erwin,</subfield>
    <subfield code="d">1904-1991</subfield>
  </datafield>
  <datafield tag="400" ind1="1" ind2=" ">
    <subfield code="w">nnaa</subfield>
    <subfield code="a">Rosenthal, Erwin Isak Jakob,</subfield>
    <subfield code="d">1904-</subfield>
  </datafield>
  <datafield tag="400" ind1="1" ind2=" ">
    <subfield code="a">Rosenthal, Erwin Isak Jakob,</subfield>
    <subfield code="d">1904-1991</subfield>
  </datafield>
  <datafield tag="670" ind1=" " ind2=" ">
    <subfield code="a">Ibn Khalduns Gedanken über den Staat, 1932:</subfield>
    <subfield code="b">title page (Erwin Rosenthal)</subfield>
  </datafield>
  <datafield tag="670" ind1=" " ind2=" ">
    <subfield code="a">Judaism and Christianity ... 1937-</subfield>
  </datafield>
  <datafield tag="670" ind1=" " ind2=" ">
    <subfield code="a">Studia Semitica, 1971:</subfield>
    <subfield code="b">title page (Erwin I.J. Rosenthal)</subfield>
  </datafield>
  <datafield tag="670" ind1=" " ind2=" ">
    <subfield code="a">Interpreting the Hebrew Bible, 1982:</subfield>
    <subfield code="b">CIP t.p. (E.I.J. Rosenthal, emeritus reader in oriental studies in the Univ. of Cambridge &amp; emeritus fellow of Pembroke Coll., Cambridge)</subfield>
  </datafield>
  <datafield tag="670" ind1=" " ind2=" ">
    <subfield code="a">OCLC, viewed January 3, 2020</subfield>
    <subfield code="b">(usage: Erwin I.J. Rosenthal; E.I.J. Rosenthal; Erwin Rosenthal)</subfield>
  </datafield>
  <datafield tag="670" ind1=" " ind2=" ">
    <subfield code="a">Wikidata via Wikipedia, January 3, 2020</subfield>
    <subfield code="b">(alias: Erwin Isak Jakob Rosenthal, Erwin Rosenthal; VIAF identifier: 64088262; GND identifier: 119453347; place of birth: Heilbronn; place of death: Cambridge; country of citizenship: Germany; instance of: human; date of birth: +1904-09-18T00:00:00Z; date of death: +1991-06-05T00:00:00Z; CANTIC: a11254956; given name: Erwin; NTA identifier (Netherlands): 070132887; occupation: university teacher; NLI (Israel) identifier: 000113467; People Australia identifier: 961775; BNE identifier: XX1404447; The Black Book ID (P4248): 248; SELIBR: 367822; educated at: Heidelberg University, Humboldt University of Berlin; employer: University of Cambridge; SHARE Catalogue author ID (P3987): 189700; ISNI (P213): 0000000374425688; languages spoken or published: English; Angelicum author ID (P5731): 51627; Libris-URI (P5587): 64jmtbdq4lzwpp2; SUDOC authorities: 050596667; BnF identifier: 12386823x; sex or gender: male; NKC identifier: mzk2015893564; LCAuth identifier: n79091899; PUSC author ID (P5739): 68428; NUKAT authorities: n2006138443; TDV \u0130slam Ansiklopedisi ID (P7314): rosenthal-erwin-isak-jakob; description/label: deutsch-US-amerikanischer Orientalist, Duits hoogleraar , German university teacher , léachtóir ollscoile Gearmánach , profesor universitariu alemán , professor académico alemão, tysk professor, أستاذ جامعي ألماني, إرفين روزنتال)</subfield>
    <subfield code="u">http://www.wikidata.org/entity/Q1363380</subfield>
  </datafield>
  <datafield tag="952" ind1=" " ind2=" ">
    <subfield code="a">RETRO</subfield>
  </datafield>
  <datafield tag="953" ind1=" " ind2=" ">
    <subfield code="a">xx00</subfield>
    <subfield code="b">ba22</subfield>
  </datafield>
</record>