
<record>
  <leader>01685cz  a2200277n  4500</leader>
  <controlfield tag="001">1441588</controlfield>
  <controlfield tag="003">DLC</controlfield>
  <controlfield tag="005">20200104073409.0</controlfield>
  <controlfield tag="008">801017n| azannaabn          |a aaa      </controlfield>
  <datafield tag="010" ind1=" " ind2=" ">
    <subfield code="a">n  80089289 </subfield>
  </datafield>
  <datafield tag="035" ind1=" " ind2=" ">
    <subfield code="a">(OCoLC)oca00470436</subfield>
  </datafield>
  <datafield tag="040" ind1=" " ind2=" ">
    <subfield code="a">DLC</subfield>
    <subfield code="b">eng</subfield>
    <subfield code="e">rda</subfield>
    <subfield code="c">DLC</subfield>
    <subfield code="d">OCoLC</subfield>
    <subfield code="d">ICU</subfield>
  </datafield>
  <datafield tag="046" ind1=" " ind2=" ">
    <subfield code="f">1930</subfield>
    <subfield code="g">2017-03-12</subfield>
    <subfield code="2">edtf</subfield>
  </datafield>
  <datafield tag="100" ind1="1" ind2=" ">
    <subfield code="a">Kuczyński, Janusz</subfield>
  </datafield>
  <datafield tag="370" ind1=" " ind2=" ">
    <subfield code="c">Poland</subfield>
    <subfield code="2">naf</subfield>
  </datafield>
  <datafield tag="373" ind1=" " ind2=" ">
    <subfield code="a">Uniwersytet Warszawski. Instytut Filozofii</subfield>
    <subfield code="2">naf</subfield>
  </datafield>
  <datafield tag="374" ind1=" " ind2=" ">
    <subfield code="a">Philosophers</subfield>
    <subfield code="a">College teachers</subfield>
    <subfield code="2">lcsh</subfield>
  </datafield>
  <datafield tag="375" ind1=" " ind2=" ">
    <subfield code="a">Males</subfield>
    <subfield code="2">lcdgt</subfield>
  </datafield>
  <datafield tag="377" ind1=" " ind2=" ">
    <subfield code="a">pol</subfield>
  </datafield>
  <datafield tag="378" ind1=" " ind2=" ">
    <subfield code="q">Janusz Lucjan</subfield>
  </datafield>
  <datafield tag="400" ind1="1" ind2=" ">
    <subfield code="a">Kuczyński, J.</subfield>
    <subfield code="q">(Janusz)</subfield>
  </datafield>
  <datafield tag="670" ind1=" " ind2=" ">
    <subfield code="a">Author&apos;s Porządek nadchodzącego świata, 1964.</subfield>
  </datafield>
  <datafield tag="670" ind1=" " ind2=" ">
    <subfield code="a">VIAF, January 3, 2020:</subfield>
    <subfield code="b">VIAF ID 10383376, NKC authority file xx0034982 (Kuczyński, Janusz, 1930- ; variant heading; Kuczyński, Janusz Lucjan, 1930- ; Polish philosopher and author of philosophical, political-scientific, and social studies) NUKAT authority file n 94000373 (Kuczyński, Janusz (1930-2017); variant headings: Kuczyński, Janusz Lucjan; Kuczyński, J.; Kuczynski, Janusz)</subfield>
    <subfield code="u">http://viaf.org/processed/NKC%7Cxx0034982</subfield>
    <subfield code="u">http://viaf.org/processed/NUKAT%7Cn%20%2094000373</subfield>
  </datafield>
  <datafield tag="670" ind1=" " ind2=" ">
    <subfield code="a">Połączone biblioteki WFIS UW, IFIS PAN i PTF WWW site, January 3, 2020:</subfield>
    <subfield code="b">Zmarł prof. Janusz Kuczyński page, dated 15 March 2017 (prof. dr hab. Janusz Kuczyński, 1930-2017; died 12 March 2017; taugt at the Instytut Filozofii at the UW [Uniwersytet Warszawski]; proponent of the theory of universalism; founder and long-time editor of the monthly Dialogue and Universalism)</subfield>
    <subfield code="u">http://archiwum.wfis.uw.edu.pl/bibfis/aktualnosci/zmarl-prof-janusz-kuczynski/</subfield>
  </datafield>
  <datafield tag="952" ind1=" " ind2=" ">
    <subfield code="a">RETRO</subfield>
  </datafield>
  <datafield tag="953" ind1=" " ind2=" ">
    <subfield code="a">xx00</subfield>
  </datafield>
</record>