
<record>
  <leader>00979cz  a2200205n  4500</leader>
  <controlfield tag="001">1452399</controlfield>
  <controlfield tag="003">DLC</controlfield>
  <controlfield tag="005">20200104073405.0</controlfield>
  <controlfield tag="008">810424n| azannaabn          |a aaa      </controlfield>
  <datafield tag="010" ind1=" " ind2=" ">
    <subfield code="a">n  81034669 </subfield>
  </datafield>
  <datafield tag="035" ind1=" " ind2=" ">
    <subfield code="a">(OCoLC)oca00580337</subfield>
  </datafield>
  <datafield tag="040" ind1=" " ind2=" ">
    <subfield code="a">DLC</subfield>
    <subfield code="b">eng</subfield>
    <subfield code="e">rda</subfield>
    <subfield code="c">DLC</subfield>
    <subfield code="d">DLC</subfield>
    <subfield code="d">PPi-MA</subfield>
  </datafield>
  <datafield tag="100" ind1="1" ind2=" ">
    <subfield code="a">Nejedlý, Vít,</subfield>
    <subfield code="d">1912-1945.</subfield>
    <subfield code="t">Concertino,</subfield>
    <subfield code="m">flute, oboe, clarinet, horn, bassoon, violin, viola, cello, double bass,</subfield>
    <subfield code="n">op. 18</subfield>
  </datafield>
  <datafield tag="380" ind1=" " ind2=" ">
    <subfield code="a">Chamber music</subfield>
    <subfield code="2">lcgft</subfield>
  </datafield>
  <datafield tag="382" ind1="0" ind2=" ">
    <subfield code="a">flute</subfield>
    <subfield code="n">1</subfield>
    <subfield code="a">oboe</subfield>
    <subfield code="n">1</subfield>
    <subfield code="a">clarinet</subfield>
    <subfield code="n">1</subfield>
    <subfield code="a">horn</subfield>
    <subfield code="n">1</subfield>
    <subfield code="a">bassoon</subfield>
    <subfield code="n">1</subfield>
    <subfield code="a">violin</subfield>
    <subfield code="n">1</subfield>
    <subfield code="a">viola</subfield>
    <subfield code="n">1</subfield>
    <subfield code="a">cello</subfield>
    <subfield code="n">1</subfield>
    <subfield code="a">double bass</subfield>
    <subfield code="n">1</subfield>
    <subfield code="s">9</subfield>
    <subfield code="2">lcmpt</subfield>
  </datafield>
  <datafield tag="383" ind1=" " ind2=" ">
    <subfield code="b">op. 18</subfield>
  </datafield>
  <datafield tag="400" ind1="1" ind2=" ">
    <subfield code="w">nnea</subfield>
    <subfield code="a">Nejedlý, Vít,</subfield>
    <subfield code="d">1912-1945.</subfield>
    <subfield code="t">Concertino,</subfield>
    <subfield code="m">woodwinds, horn, strings,</subfield>
    <subfield code="n">op. 18</subfield>
  </datafield>
  <datafield tag="670" ind1=" " ind2=" ">
    <subfield code="a">Drejsl, R. Dechový kvintet [SR] c1971 (a.e.)</subfield>
    <subfield code="b">label (Koncertino pro nonet)</subfield>
  </datafield>
  <datafield tag="670" ind1=" " ind2=" ">
    <subfield code="a">OCLC #28553311 [resource cataloged]</subfield>
    <subfield code="b">(Koncertino pro nonet, op. 18; subject heading: Nonets (Bassoon, clarinet, flute, horn, oboe, violin, viola, cello, double bass))</subfield>
  </datafield>
  <datafield tag="953" ind1=" " ind2=" ">
    <subfield code="a">bk03</subfield>
  </datafield>
</record>