
<record>
  <leader>02267cz  a2200481n  4500</leader>
  <controlfield tag="001">1453598</controlfield>
  <controlfield tag="003">DLC</controlfield>
  <controlfield tag="005">20200104073407.0</controlfield>
  <controlfield tag="008">810811nc azannaabn          |b aaa      </controlfield>
  <datafield tag="010" ind1=" " ind2=" ">
    <subfield code="a">n  81046949 </subfield>
  </datafield>
  <datafield tag="035" ind1=" " ind2=" ">
    <subfield code="a">(OCoLC)oca00592505</subfield>
  </datafield>
  <datafield tag="040" ind1=" " ind2=" ">
    <subfield code="a">DLC</subfield>
    <subfield code="b">eng</subfield>
    <subfield code="e">rda</subfield>
    <subfield code="c">DLC</subfield>
    <subfield code="d">DLC</subfield>
    <subfield code="d">DLC-R</subfield>
    <subfield code="d">DLC</subfield>
    <subfield code="d">OCoLC</subfield>
    <subfield code="d">HkUST</subfield>
    <subfield code="d">UPB</subfield>
    <subfield code="d">InU</subfield>
    <subfield code="d">MH</subfield>
  </datafield>
  <datafield tag="046" ind1=" " ind2=" ">
    <subfield code="f">19130303</subfield>
    <subfield code="g">19920104</subfield>
  </datafield>
  <datafield tag="053" ind1=" " ind2="0">
    <subfield code="a">PL2908.N5</subfield>
  </datafield>
  <datafield tag="100" ind1="1" ind2=" ">
    <subfield code="a">Tang, Tao,</subfield>
    <subfield code="d">1913-1992</subfield>
  </datafield>
  <datafield tag="370" ind1=" " ind2=" ">
    <subfield code="a">Zhejiang Sheng, China</subfield>
    <subfield code="b">Beijing, China</subfield>
  </datafield>
  <datafield tag="374" ind1=" " ind2=" ">
    <subfield code="a">Writer</subfield>
  </datafield>
  <datafield tag="375" ind1=" " ind2=" ">
    <subfield code="a">male</subfield>
  </datafield>
  <datafield tag="377" ind1=" " ind2=" ">
    <subfield code="a">chi</subfield>
  </datafield>
  <datafield tag="400" ind1="0" ind2=" ">
    <subfield code="a">Tangtao,</subfield>
    <subfield code="d">1913-1992</subfield>
  </datafield>
  <datafield tag="400" ind1="1" ind2=" ">
    <subfield code="a">Tō, Tō,</subfield>
    <subfield code="d">1913-1992</subfield>
  </datafield>
  <datafield tag="400" ind1="1" ind2=" ">
    <subfield code="a">唐弢,</subfield>
    <subfield code="d">1913-1992</subfield>
  </datafield>
  <datafield tag="400" ind1="1" ind2=" ">
    <subfield code="a">唐韬,</subfield>
    <subfield code="d">1913-1992</subfield>
  </datafield>
  <datafield tag="400" ind1="1" ind2=" ">
    <subfield code="a">Tang, Duanyi,</subfield>
    <subfield code="d">1913-1992</subfield>
  </datafield>
  <datafield tag="400" ind1="1" ind2=" ">
    <subfield code="a">Tʻang, Tuan-i,</subfield>
    <subfield code="d">1913-1992</subfield>
  </datafield>
  <datafield tag="400" ind1="1" ind2=" ">
    <subfield code="a">唐端毅,</subfield>
    <subfield code="d">1913-1992</subfield>
  </datafield>
  <datafield tag="400" ind1="1" ind2=" ">
    <subfield code="a">Tang, Yuechen,</subfield>
    <subfield code="d">1913-1992</subfield>
  </datafield>
  <datafield tag="400" ind1="1" ind2=" ">
    <subfield code="a">Tʻang, Yüeh-chʻen,</subfield>
    <subfield code="d">1913-1992</subfield>
  </datafield>
  <datafield tag="400" ind1="1" ind2=" ">
    <subfield code="a">唐越臣,</subfield>
    <subfield code="d">1913-1992</subfield>
  </datafield>
  <datafield tag="400" ind1="0" ind2=" ">
    <subfield code="a">Hui&apos;an,</subfield>
    <subfield code="d">1913-1992</subfield>
  </datafield>
  <datafield tag="400" ind1="0" ind2=" ">
    <subfield code="a">Hui-an,</subfield>
    <subfield code="d">1913-1992</subfield>
  </datafield>
  <datafield tag="400" ind1="0" ind2=" ">
    <subfield code="a">晦庵,</subfield>
    <subfield code="d">1913-1992</subfield>
  </datafield>
  <datafield tag="667" ind1=" " ind2=" ">
    <subfield code="a">Machine-derived non-Latin script reference project.</subfield>
  </datafield>
  <datafield tag="667" ind1=" " ind2=" ">
    <subfield code="a">Non-Latin script references not evaluated.</subfield>
  </datafield>
  <datafield tag="667" ind1=" " ind2=" ">
    <subfield code="a">Non-Latin script references reviewed in NACO CJK Funnel References Project.</subfield>
  </datafield>
  <datafield tag="670" ind1=" " ind2=" ">
    <subfield code="a">Author&apos;s Lu-hsün tsai wen hsüeh chan hsisn shang, 1957:</subfield>
    <subfield code="b">t.p. (唐弢 = Tʻang Tʻao)</subfield>
  </datafield>
  <datafield tag="670" ind1=" " ind2=" ">
    <subfield code="a">His Tʻang Tʻao tsa wen chi, 1984:</subfield>
    <subfield code="b">t.p. (唐弢 = Tʻang Tʻao) colophon (Tangtao)</subfield>
  </datafield>
  <datafield tag="670" ind1=" " ind2=" ">
    <subfield code="a">Tʻang Tʻao chi nien chi, 1993:</subfield>
    <subfield code="b">t.p. (唐弢 = Tʻang Tʻao) p. 776, etc. (original name 唐端毅 = Tʻang Tuan-i; t. 越臣 = Yüeh-chʻen; d. 1/4/1992)</subfield>
  </datafield>
  <datafield tag="670" ind1=" " ind2=" ">
    <subfield code="a">Bai du zhi dao WWW site, May 8, 2009</subfield>
    <subfield code="b">(唐弢 = Tang Tao; 1913-1992; orig. name: 端毅 = Duanyi; native of Zhejiang Zhenhai; alternate name: 唐韬 = Tang Tao; pen name: 晦庵 = Hui&apos;an; research fellow, Zhongguo she hui ke xue yuan wen xue yan jiu suo)</subfield>
  </datafield>
  <datafield tag="670" ind1=" " ind2=" ">
    <subfield code="a">Duo min, 2010:</subfield>
    <subfield code="b">title page (唐弢 = Tang Tao) group 2 page 1 (born 03/03/1913 in Zhejiang Sheng, died 01/04/1992; male; original name 唐端毅 = Tang Duanyi; zi 越臣 = Yuechen; writer)</subfield>
  </datafield>
  <datafield tag="670" ind1=" " ind2=" ">
    <subfield code="a">OCLC #429280283, November 19, 2019</subfield>
    <subfield code="b">(access point: 唐弢, 1913-1992 = Tang, Tao, 1913-1992; usage: 唐弢 = Tang Tao)</subfield>
  </datafield>
  <datafield tag="952" ind1=" " ind2=" ">
    <subfield code="a">RETRO</subfield>
  </datafield>
  <datafield tag="953" ind1=" " ind2=" ">
    <subfield code="a">xx00</subfield>
    <subfield code="b">yb00</subfield>
  </datafield>
</record>