
<record>
  <leader>01366cz  a2200301n  4500</leader>
  <controlfield tag="001">1455857</controlfield>
  <controlfield tag="003">DLC</controlfield>
  <controlfield tag="005">20200104073408.0</controlfield>
  <controlfield tag="008">810715nc azannaabn          |b aaa      </controlfield>
  <datafield tag="010" ind1=" " ind2=" ">
    <subfield code="a">n  81070079 </subfield>
  </datafield>
  <datafield tag="035" ind1=" " ind2=" ">
    <subfield code="a">(OCoLC)oca00615408</subfield>
  </datafield>
  <datafield tag="040" ind1=" " ind2=" ">
    <subfield code="a">DLC</subfield>
    <subfield code="b">eng</subfield>
    <subfield code="e">rda</subfield>
    <subfield code="c">DLC</subfield>
    <subfield code="d">OCoLC</subfield>
    <subfield code="d">DLC</subfield>
    <subfield code="d">MH</subfield>
  </datafield>
  <datafield tag="046" ind1=" " ind2=" ">
    <subfield code="s">18</subfield>
  </datafield>
  <datafield tag="100" ind1="1" ind2=" ">
    <subfield code="a">Tang, Wenlu,</subfield>
    <subfield code="d">active 19th century</subfield>
  </datafield>
  <datafield tag="400" ind1="1" ind2=" ">
    <subfield code="w">nnea</subfield>
    <subfield code="a">Tʻang, Wen-lu,</subfield>
    <subfield code="d">19th cent</subfield>
  </datafield>
  <datafield tag="400" ind1="1" ind2=" ">
    <subfield code="w">nnea</subfield>
    <subfield code="a">Tang, Wenlu,</subfield>
    <subfield code="d">19th cent.</subfield>
  </datafield>
  <datafield tag="400" ind1="1" ind2=" ">
    <subfield code="a">汤文璐,</subfield>
    <subfield code="d">active 19th century</subfield>
  </datafield>
  <datafield tag="400" ind1="1" ind2=" ">
    <subfield code="a">湯文潞,</subfield>
    <subfield code="d">active 19th century</subfield>
  </datafield>
  <datafield tag="400" ind1="1" ind2=" ">
    <subfield code="a">湯文璐,</subfield>
    <subfield code="d">active 19th century</subfield>
  </datafield>
  <datafield tag="667" ind1=" " ind2=" ">
    <subfield code="a">Machine-derived non-Latin script reference project.</subfield>
  </datafield>
  <datafield tag="667" ind1=" " ind2=" ">
    <subfield code="a">Non-Latin script references not evaluated.</subfield>
  </datafield>
  <datafield tag="667" ind1=" " ind2=" ">
    <subfield code="a">Non-Latin script references reviewed in NACO CJK Funnel References Project.</subfield>
  </datafield>
  <datafield tag="670" ind1=" " ind2=" ">
    <subfield code="a">Shih yün ho pi. Chiao pu Shih yün ho pi, 1981 (a.e.)</subfield>
    <subfield code="b">pref. (Tʻang Wen-lu, signed and dated 1857)</subfield>
  </datafield>
  <datafield tag="670" ind1=" " ind2=" ">
    <subfield code="a">Chi. union cat.</subfield>
    <subfield code="b">(Tʻang Wen-lu, fl. 1857)</subfield>
  </datafield>
  <datafield tag="675" ind1=" " ind2=" ">
    <subfield code="a">Eminent Chʻing;</subfield>
    <subfield code="a">Tzʻu hai, 1979.</subfield>
  </datafield>
  <datafield tag="670" ind1=" " ind2=" ">
    <subfield code="a">OCLC #30652126, November 20, 2019</subfield>
    <subfield code="b">(access point: 湯文潞, active 19th century = Tang, Wenlu, active 19th century; usage: 湯文潞 = Tang Wenlu)</subfield>
  </datafield>
  <datafield tag="670" ind1=" " ind2=" ">
    <subfield code="a">OCLC #502254408, November 20, 2019</subfield>
    <subfield code="b">(access point: 湯文璐, active 19th century = Tang, Wenlu, active 19th century; usage: 湯文璐 = Tang Wenlu)</subfield>
  </datafield>
  <datafield tag="953" ind1=" " ind2=" ">
    <subfield code="a">bl04</subfield>
  </datafield>
</record>