
<record>
  <leader>01335cz  a2200337n  4500</leader>
  <controlfield tag="001">1459070</controlfield>
  <controlfield tag="003">DLC</controlfield>
  <controlfield tag="005">20200104073413.0</controlfield>
  <controlfield tag="008">811028nc azannaabn          |b aaa      </controlfield>
  <datafield tag="010" ind1=" " ind2=" ">
    <subfield code="a">n  81102829 </subfield>
  </datafield>
  <datafield tag="035" ind1=" " ind2=" ">
    <subfield code="a">(OCoLC)oca00647927</subfield>
  </datafield>
  <datafield tag="040" ind1=" " ind2=" ">
    <subfield code="a">DLC</subfield>
    <subfield code="b">eng</subfield>
    <subfield code="e">rda</subfield>
    <subfield code="c">DLC</subfield>
    <subfield code="d">DLC-R</subfield>
    <subfield code="d">OCoLC</subfield>
    <subfield code="d">DLC</subfield>
    <subfield code="d">OCoLC</subfield>
    <subfield code="d">InU</subfield>
    <subfield code="d">MH</subfield>
  </datafield>
  <datafield tag="046" ind1=" " ind2=" ">
    <subfield code="f">1865</subfield>
    <subfield code="g">1898</subfield>
  </datafield>
  <datafield tag="053" ind1=" " ind2="0">
    <subfield code="a">PL2727.A55</subfield>
  </datafield>
  <datafield tag="100" ind1="1" ind2=" ">
    <subfield code="a">Tan, Sitong,</subfield>
    <subfield code="d">1865-1898</subfield>
  </datafield>
  <datafield tag="400" ind1="1" ind2=" ">
    <subfield code="w">nne</subfield>
    <subfield code="a">Tʻan, Ssu-tʻung,</subfield>
    <subfield code="d">1865-1898</subfield>
  </datafield>
  <datafield tag="400" ind1="1" ind2=" ">
    <subfield code="a">Tan, Liuyang,</subfield>
    <subfield code="d">1865-1898</subfield>
  </datafield>
  <datafield tag="400" ind1="1" ind2=" ">
    <subfield code="a">Tan, Fusheng,</subfield>
    <subfield code="d">1865-1898</subfield>
  </datafield>
  <datafield tag="400" ind1="1" ind2=" ">
    <subfield code="a">Tʻan, Liu-yang,</subfield>
    <subfield code="d">1865-1898</subfield>
  </datafield>
  <datafield tag="400" ind1="1" ind2=" ">
    <subfield code="a">Tʻan, Fu-sheng,</subfield>
    <subfield code="d">1865-1898</subfield>
  </datafield>
  <datafield tag="400" ind1="0" ind2=" ">
    <subfield code="a">Tansitong,</subfield>
    <subfield code="d">1865-1898</subfield>
  </datafield>
  <datafield tag="400" ind1="1" ind2=" ">
    <subfield code="a">譚嗣同,</subfield>
    <subfield code="d">1865-1898</subfield>
  </datafield>
  <datafield tag="400" ind1="1" ind2=" ">
    <subfield code="a">谭嗣同,</subfield>
    <subfield code="d">1865-1898</subfield>
  </datafield>
  <datafield tag="667" ind1=" " ind2=" ">
    <subfield code="a">Machine-derived non-Latin script reference project.</subfield>
  </datafield>
  <datafield tag="667" ind1=" " ind2=" ">
    <subfield code="a">Non-Latin script references not evaluated.</subfield>
  </datafield>
  <datafield tag="667" ind1=" " ind2=" ">
    <subfield code="a">Non-Latin script references reviewed in NACO CJK Funnel References Project.</subfield>
  </datafield>
  <datafield tag="670" ind1=" " ind2=" ">
    <subfield code="a">Talbott, N.M.</subfield>
    <subfield code="b">Intellectual origins and aspects of political thought in the Jen ... 1956.</subfield>
  </datafield>
  <datafield tag="670" ind1=" " ind2=" ">
    <subfield code="a">Chʻang chien pei ko ying hsiung lei, 1999:</subfield>
    <subfield code="b">t.p. (Tan Ssu-tʻung) cover (Tansitong [in rom.])</subfield>
  </datafield>
  <datafield tag="670" ind1=" " ind2=" ">
    <subfield code="a">OCLC #32011183, November 5, 2019</subfield>
    <subfield code="b">(access point: 譚嗣同, 1865-1898 = Tan, Sitong, 1865-1898; usage: 譚嗣同 = Tan Sitong)</subfield>
  </datafield>
  <datafield tag="952" ind1=" " ind2=" ">
    <subfield code="a">RETRO</subfield>
  </datafield>
  <datafield tag="953" ind1=" " ind2=" ">
    <subfield code="a">xx00</subfield>
    <subfield code="b">ta27</subfield>
  </datafield>
</record>