
<record>
  <leader>02088cz  a2200301n  4500</leader>
  <controlfield tag="001">1464789</controlfield>
  <controlfield tag="003">DLC</controlfield>
  <controlfield tag="005">20200104073414.0</controlfield>
  <controlfield tag="008">820129n| acannaabn          |a aaa      </controlfield>
  <datafield tag="010" ind1=" " ind2=" ">
    <subfield code="a">n  82008489 </subfield>
    <subfield code="z">n 2006089293</subfield>
  </datafield>
  <datafield tag="035" ind1=" " ind2=" ">
    <subfield code="a">(OCoLC)oca00705796</subfield>
  </datafield>
  <datafield tag="040" ind1=" " ind2=" ">
    <subfield code="a">DLC</subfield>
    <subfield code="b">eng</subfield>
    <subfield code="c">DLC</subfield>
    <subfield code="d">DLC</subfield>
    <subfield code="d">OCoLC</subfield>
    <subfield code="d">NjBlaOCU</subfield>
    <subfield code="d">DLC</subfield>
    <subfield code="d">MoSU</subfield>
  </datafield>
  <datafield tag="046" ind1=" " ind2=" ">
    <subfield code="f">1950-05</subfield>
    <subfield code="2">edtf</subfield>
  </datafield>
  <datafield tag="100" ind1="1" ind2=" ">
    <subfield code="a">MacKenzie, Donald A.</subfield>
  </datafield>
  <datafield tag="370" ind1=" " ind2=" ">
    <subfield code="c">Scotland</subfield>
    <subfield code="f">Edinburgh (Scotland)</subfield>
    <subfield code="2">naf</subfield>
  </datafield>
  <datafield tag="372" ind1=" " ind2=" ">
    <subfield code="a">Economics--Sociological aspects</subfield>
    <subfield code="2">lcsh</subfield>
  </datafield>
  <datafield tag="373" ind1=" " ind2=" ">
    <subfield code="a">University of Edinburgh. School of Social and Political Science</subfield>
    <subfield code="2">naf</subfield>
    <subfield code="s">1975</subfield>
  </datafield>
  <datafield tag="374" ind1=" " ind2=" ">
    <subfield code="a">Sociology teachers</subfield>
    <subfield code="a">College teachers</subfield>
    <subfield code="2">lcsh</subfield>
  </datafield>
  <datafield tag="377" ind1=" " ind2=" ">
    <subfield code="a">eng</subfield>
  </datafield>
  <datafield tag="378" ind1=" " ind2=" ">
    <subfield code="q">Donald Angus</subfield>
  </datafield>
  <datafield tag="400" ind1="1" ind2=" ">
    <subfield code="a">MacKenzie, D. A.</subfield>
    <subfield code="q">(Donald Angus),</subfield>
    <subfield code="d">1950-</subfield>
  </datafield>
  <datafield tag="400" ind1="1" ind2=" ">
    <subfield code="w">nne</subfield>
    <subfield code="a">MacKenzie, Donald,</subfield>
    <subfield code="d">1950-</subfield>
  </datafield>
  <datafield tag="670" ind1=" " ind2=" ">
    <subfield code="a">Statistics in Britain, 1865-1930, 1981:</subfield>
    <subfield code="b">title page (Donald A. MacKenzie) jacket (lecturer in sociology at University of Edinburgh)</subfield>
  </datafield>
  <datafield tag="670" ind1=" " ind2=" ">
    <subfield code="a">The social shaping of technology. Second edition, 1999:</subfield>
    <subfield code="b">CIP title page (Donald MacKenzie) data sheet (born May 3, 1950 [sic]) book title page (Donald MacKenzie [co-editor]) back cover (Donald MacKenzie; holds a Personal Chair in Sociology at Edinburgh University; author of Statistics in Britain)</subfield>
  </datafield>
  <datafield tag="670" ind1=" " ind2=" ">
    <subfield code="a">Do economists make markets?, 2007:</subfield>
    <subfield code="b">ECIP title page (Donald Mackenzie) data view (born May 5, 1950) book title page (Donald MacKenzie) jacket flap (professor of sociology, University of Edinburgh)</subfield>
  </datafield>
  <datafield tag="670" ind1=" " ind2=" ">
    <subfield code="a">OCLC, July 13, 2007</subfield>
    <subfield code="b">(hdg.: MacKenzie, D. A.; usage: Donald MacKenzie)</subfield>
  </datafield>
  <datafield tag="670" ind1=" " ind2=" ">
    <subfield code="a">University of Edinburgh, School of Social and Political Studies website, viewed January 3, 2020:</subfield>
    <subfield code="b">link to Staff profiles page (Donald MacKenzie; Professor Donald MacKenzie; Ph. D. from the University of Edinburgh in 1978; research areas: financial markets; sociology of science and technology) link to CV (Donald Angus Mackenzie; author of Statistics in Britain; co-editor of The social shaping of technology; joined the faculty at Edinburgh as Lecturer, in 1975)</subfield>
    <subfield code="u">http://www.sps.ed.ac.uk/staff/sociology/mackenzie_donald</subfield>
  </datafield>
  <datafield tag="953" ind1=" " ind2=" ">
    <subfield code="a">ea15</subfield>
    <subfield code="b">ym58</subfield>
  </datafield>
</record>