
<record>
  <leader>01593cz  a2200253n  4500</leader>
  <controlfield tag="001">1466370</controlfield>
  <controlfield tag="003">DLC</controlfield>
  <controlfield tag="005">20200104073415.0</controlfield>
  <controlfield tag="008">820326n| azannaabn          |a aaa      </controlfield>
  <datafield tag="010" ind1=" " ind2=" ">
    <subfield code="a">n  82024649 </subfield>
  </datafield>
  <datafield tag="035" ind1=" " ind2=" ">
    <subfield code="a">(OCoLC)oca00721830</subfield>
  </datafield>
  <datafield tag="040" ind1=" " ind2=" ">
    <subfield code="a">DLC</subfield>
    <subfield code="b">eng</subfield>
    <subfield code="e">rda</subfield>
    <subfield code="c">DLC</subfield>
    <subfield code="d">MoSU-L</subfield>
    <subfield code="d">OU</subfield>
  </datafield>
  <datafield tag="046" ind1=" " ind2=" ">
    <subfield code="f">1903-05-18</subfield>
    <subfield code="g">1989-07-17</subfield>
    <subfield code="2">edtf</subfield>
  </datafield>
  <datafield tag="100" ind1="1" ind2=" ">
    <subfield code="a">Würdinger, Hans,</subfield>
    <subfield code="d">1903-1989</subfield>
  </datafield>
  <datafield tag="370" ind1=" " ind2=" ">
    <subfield code="a">Munich (Germany)</subfield>
    <subfield code="b">Munich (Germany)</subfield>
    <subfield code="2">naf</subfield>
  </datafield>
  <datafield tag="374" ind1=" " ind2=" ">
    <subfield code="a">Lawyers</subfield>
    <subfield code="a">College teachers</subfield>
    <subfield code="2">lcsh</subfield>
  </datafield>
  <datafield tag="375" ind1=" " ind2=" ">
    <subfield code="a">Males</subfield>
    <subfield code="2">lcdgt</subfield>
  </datafield>
  <datafield tag="400" ind1="1" ind2=" ">
    <subfield code="a">Würdinger, H.</subfield>
    <subfield code="q">(Hans),</subfield>
    <subfield code="d">1903-1989</subfield>
  </datafield>
  <datafield tag="670" ind1=" " ind2=" ">
    <subfield code="a">His Geschichte der Stellvertretung ... 1933.</subfield>
  </datafield>
  <datafield tag="670" ind1=" " ind2=" ">
    <subfield code="a">His Aktienrecht und das Recht der verbundenen Unternehmen, 1981:</subfield>
    <subfield code="b">t.p. (Dr. Hans Würdinger; em. o. Professor an der Univ. Hamburg) verso t.p. (b. 1903)</subfield>
  </datafield>
  <datafield tag="670" ind1=" " ind2=" ">
    <subfield code="a">German company law, 1975:</subfield>
    <subfield code="b">t.p. (H. Würdinger, emerit. prof. at the U. of Hamburg)</subfield>
  </datafield>
  <datafield tag="670" ind1=" " ind2=" ">
    <subfield code="a">Wikidata via Wikipedia, January 3, 2020</subfield>
    <subfield code="b">(alias: Hans Würdinger; instance of: human; sex or gender: male; date of birth: +1903-00-00T00:00:00Z; date of death: +1989-00-00T00:00:00Z; VIAF identifier: 108721344; GND identifier: 117374644; given name: Hans; surname: Würdinger; place of birth: Munich; place of death: Munich; employer: Ludwig Maximilian University of Munich, University of Wrocław, University of Vienna, University of Göttingen, University of Hamburg; FAST-ID: 87570; LCAuth identifier: n82024649; member of: Schutzstaffel; NKC identifier: vse20181014748; description/label: deutscher Rechtswissenschaftler)</subfield>
    <subfield code="u">http://www.wikidata.org/entity/Q61755094</subfield>
  </datafield>
  <datafield tag="952" ind1=" " ind2=" ">
    <subfield code="a">RETRO</subfield>
  </datafield>
  <datafield tag="953" ind1=" " ind2=" ">
    <subfield code="a">xx00</subfield>
  </datafield>
</record>