
<record>
  <leader>01762cz  a2200349n  4500</leader>
  <controlfield tag="001">1470666</controlfield>
  <controlfield tag="003">DLC</controlfield>
  <controlfield tag="005">20200104073417.0</controlfield>
  <controlfield tag="008">820517nc azannaabn          |b aaa      </controlfield>
  <datafield tag="010" ind1=" " ind2=" ">
    <subfield code="a">n  82068589 </subfield>
  </datafield>
  <datafield tag="035" ind1=" " ind2=" ">
    <subfield code="a">(OCoLC)oca00765407</subfield>
  </datafield>
  <datafield tag="040" ind1=" " ind2=" ">
    <subfield code="a">DLC</subfield>
    <subfield code="b">eng</subfield>
    <subfield code="e">rda</subfield>
    <subfield code="c">DLC</subfield>
    <subfield code="d">OCoLC</subfield>
    <subfield code="d">CU-S</subfield>
    <subfield code="d">MH</subfield>
  </datafield>
  <datafield tag="046" ind1=" " ind2=" ">
    <subfield code="f">1910-11-02</subfield>
    <subfield code="g">1978-05-03</subfield>
    <subfield code="2">edtf</subfield>
  </datafield>
  <datafield tag="100" ind1="1" ind2=" ">
    <subfield code="a">Tang, Yiren</subfield>
  </datafield>
  <datafield tag="370" ind1=" " ind2=" ">
    <subfield code="a">Hangzhou (China)</subfield>
    <subfield code="b">Beijing (China)</subfield>
    <subfield code="c">China</subfield>
    <subfield code="2">naf</subfield>
  </datafield>
  <datafield tag="372" ind1=" " ind2=" ">
    <subfield code="a">Livestock</subfield>
    <subfield code="a">Domestic animals</subfield>
    <subfield code="a">Animal culture</subfield>
    <subfield code="2">lcsh</subfield>
  </datafield>
  <datafield tag="373" ind1=" " ind2=" ">
    <subfield code="a">Beijing nong ye da xue</subfield>
    <subfield code="2">naf</subfield>
    <subfield code="s">1950</subfield>
    <subfield code="t">1978</subfield>
  </datafield>
  <datafield tag="373" ind1=" " ind2=" ">
    <subfield code="a">Zhongguo nong ye ke xue yuan</subfield>
    <subfield code="a">Zhongguo xu mu shou yi xue hui</subfield>
    <subfield code="2">naf</subfield>
  </datafield>
  <datafield tag="374" ind1=" " ind2=" ">
    <subfield code="a">Animal scientists</subfield>
    <subfield code="a">College teachers</subfield>
    <subfield code="2">lcsh</subfield>
  </datafield>
  <datafield tag="375" ind1=" " ind2=" ">
    <subfield code="a">Males</subfield>
    <subfield code="2">lcsh</subfield>
  </datafield>
  <datafield tag="377" ind1=" " ind2=" ">
    <subfield code="a">chi</subfield>
  </datafield>
  <datafield tag="400" ind1="1" ind2=" ">
    <subfield code="w">nne</subfield>
    <subfield code="a">Tʻang, I-jen</subfield>
  </datafield>
  <datafield tag="400" ind1="1" ind2=" ">
    <subfield code="a">汤逸人</subfield>
  </datafield>
  <datafield tag="400" ind1="1" ind2=" ">
    <subfield code="a">湯逸人</subfield>
  </datafield>
  <datafield tag="667" ind1=" " ind2=" ">
    <subfield code="a">Machine-derived non-Latin script reference project.</subfield>
  </datafield>
  <datafield tag="667" ind1=" " ind2=" ">
    <subfield code="a">Non-Latin script references not evaluated.</subfield>
  </datafield>
  <datafield tag="667" ind1=" " ind2=" ">
    <subfield code="a">Non-Latin script references reviewed in NACO CJK Funnel References Project.</subfield>
  </datafield>
  <datafield tag="670" ind1=" " ind2=" ">
    <subfield code="a">Ying Han hsü mu kʻo chi tzʻu tien, 1981 (a.e.)</subfield>
    <subfield code="b">t.p. (Tʻang I-jen) pref. (deceased)</subfield>
  </datafield>
  <datafield tag="670" ind1=" " ind2=" ">
    <subfield code="a">Gai jin sheng chu si liao he si yang can kao zi liao, 1956:</subfield>
    <subfield code="b">title page (湯逸人 = Tang Yiren)</subfield>
  </datafield>
  <datafield tag="670" ind1=" " ind2=" ">
    <subfield code="a">Bai du bai ke website, Jan. 12, 2018:</subfield>
    <subfield code="b">(汤逸人 = Tang Yiren; born Nov. 2, 1910 in Hangzhou, China; died May 3, 1978 in Beijing; was professor and dean, Beijing nong ye da xue xu mu xi, 1950-1978; also held other positions with Zhongguo nong ye ke xue yuan, Zhongguo xu mu shou yi xue hui, etc.; animal scientist)</subfield>
    <subfield code="u">https://baike.baidu.com/item/%E6%B1%A4%E9%80%B8%E4%BA%BA</subfield>
  </datafield>
  <datafield tag="670" ind1=" " ind2=" ">
    <subfield code="a">OCLC #49014429, November 20, 2019</subfield>
    <subfield code="b">(access point: 湯逸人 = Tang, Yiren; usage: 湯逸人 = Tang Yiren)</subfield>
  </datafield>
  <datafield tag="953" ind1=" " ind2=" ">
    <subfield code="a">bl08</subfield>
  </datafield>
</record>