
<record>
  <leader>01180cz  a2200217n  4500</leader>
  <controlfield tag="001">1470758</controlfield>
  <controlfield tag="003">DLC</controlfield>
  <controlfield tag="005">20200104073417.0</controlfield>
  <controlfield tag="008">820520n| azannaabn          |n aaa      </controlfield>
  <datafield tag="010" ind1=" " ind2=" ">
    <subfield code="a">n  82069539 </subfield>
  </datafield>
  <datafield tag="035" ind1=" " ind2=" ">
    <subfield code="a">(OCoLC)oca00766342</subfield>
  </datafield>
  <datafield tag="040" ind1=" " ind2=" ">
    <subfield code="a">DLC</subfield>
    <subfield code="b">eng</subfield>
    <subfield code="e">rda</subfield>
    <subfield code="c">DLC</subfield>
    <subfield code="d">Uk</subfield>
    <subfield code="d">MoSU</subfield>
  </datafield>
  <datafield tag="100" ind1="1" ind2=" ">
    <subfield code="a">Locatelli, René</subfield>
  </datafield>
  <datafield tag="370" ind1=" " ind2=" ">
    <subfield code="c">France</subfield>
    <subfield code="f">Besançon (France)</subfield>
    <subfield code="2">naf</subfield>
  </datafield>
  <datafield tag="373" ind1=" " ind2=" ">
    <subfield code="a">Université de Franche-Comté</subfield>
    <subfield code="2">naf</subfield>
  </datafield>
  <datafield tag="374" ind1=" " ind2=" ">
    <subfield code="a">Historians</subfield>
    <subfield code="2">lcsh</subfield>
  </datafield>
  <datafield tag="377" ind1=" " ind2=" ">
    <subfield code="a">fre</subfield>
  </datafield>
  <datafield tag="670" ind1=" " ind2=" ">
    <subfield code="a">Brelot, Claude-Isabelle. Un millénaire d&apos;exploitation du sel en Franche-Comté, 1981:</subfield>
    <subfield code="b">title page (René Locatelli [co-author])</subfield>
  </datafield>
  <datafield tag="670" ind1=" " ind2=" ">
    <subfield code="a">Le concile provincial de Besançon, 1281 : édition, traduction, commentaire, 2015:</subfield>
    <subfield code="b">title page (René Locatelli [co-contributor])</subfield>
  </datafield>
  <datafield tag="670" ind1=" " ind2=" ">
    <subfield code="a">Bibliothèque nationale de France online catalog, viewed January 2, 2020</subfield>
    <subfield code="b">(authorized access point: Locatelli, René (19..-.... ; historien de Franche-Comté); other data in authority record: historian; specialist in the history of Franche-Comté in the Middle Ages and in modern times; professor at the Université de Franche-Comté (as of 1989))</subfield>
    <subfield code="u">https://catalogue.bnf.fr/ark:/12148/cb11913193w</subfield>
  </datafield>
  <datafield tag="953" ind1=" " ind2=" ">
    <subfield code="a">eb03</subfield>
  </datafield>
</record>