
<record>
  <leader>01452cz  a2200265n  4500</leader>
  <controlfield tag="001">1476564</controlfield>
  <controlfield tag="003">DLC</controlfield>
  <controlfield tag="005">20200104073418.0</controlfield>
  <controlfield tag="008">821127n| azannaabn          |a aaa      </controlfield>
  <datafield tag="010" ind1=" " ind2=" ">
    <subfield code="a">n  82128969 </subfield>
  </datafield>
  <datafield tag="035" ind1=" " ind2=" ">
    <subfield code="a">(OCoLC)oca00825262</subfield>
  </datafield>
  <datafield tag="040" ind1=" " ind2=" ">
    <subfield code="a">DLC</subfield>
    <subfield code="b">eng</subfield>
    <subfield code="c">DLC</subfield>
    <subfield code="d">DLC</subfield>
    <subfield code="d">OCoLC</subfield>
    <subfield code="d">GU</subfield>
    <subfield code="d">OCoLC</subfield>
    <subfield code="e">rda</subfield>
    <subfield code="d">OO</subfield>
  </datafield>
  <datafield tag="053" ind1=" " ind2="0">
    <subfield code="a">PS3509.I52</subfield>
  </datafield>
  <datafield tag="100" ind1="1" ind2=" ">
    <subfield code="a">Eilshemius, Louis M.</subfield>
    <subfield code="q">(Louis Michel),</subfield>
    <subfield code="d">1864-1941</subfield>
  </datafield>
  <datafield tag="374" ind1=" " ind2=" ">
    <subfield code="a">Artists</subfield>
    <subfield code="2">lcsh</subfield>
  </datafield>
  <datafield tag="374" ind1=" " ind2=" ">
    <subfield code="a">Composers</subfield>
    <subfield code="2">lcsh</subfield>
  </datafield>
  <datafield tag="400" ind1="1" ind2=" ">
    <subfield code="w">nna</subfield>
    <subfield code="a">Eilshemius, Louis Michel,</subfield>
    <subfield code="d">1864-1941</subfield>
  </datafield>
  <datafield tag="400" ind1="1" ind2=" ">
    <subfield code="a">Elshemus, Louis M.</subfield>
    <subfield code="q">(Louis Michel),</subfield>
    <subfield code="d">1864-1941</subfield>
  </datafield>
  <datafield tag="670" ind1=" " ind2=" ">
    <subfield code="a">His The devil&apos;s diary, c1901:</subfield>
    <subfield code="b">t.p. (Louis M. Elshemus)</subfield>
  </datafield>
  <datafield tag="670" ind1=" " ind2=" ">
    <subfield code="a">NUC pre-1956</subfield>
    <subfield code="b">(hdg.: Eilshemius, Louis Michel, 1864-1941; usage around turn of century: Louis M. Elshemus; usage from 1920&apos;s to end of life: Louis M. Eilshemius)</subfield>
  </datafield>
  <datafield tag="670" ind1=" " ind2=" ">
    <subfield code="a">Bénézit</subfield>
    <subfield code="b">(Eilshemius, Louis-Michel; painter, b. in New Jersey in 1864; d. 1942)</subfield>
  </datafield>
  <datafield tag="670" ind1=" " ind2=" ">
    <subfield code="a">Vollmer, H. Allg. Lex. der bildenden Künstler des XX. Jahrhunderts</subfield>
    <subfield code="b">(Eilshemius, Louis Michel; American painter in oil and watercolor, illustrator; b. 2-4-1864 in Laurel Hill, Arlington, N.J.; d. in New York in 1941; sometimes signed Elshemus)</subfield>
  </datafield>
  <datafield tag="670" ind1=" " ind2=" ">
    <subfield code="a">Six musical moods, 2018</subfield>
    <subfield code="b">back cover (Six musical moods is the very first publication to have as its theme the unknown musical oeuvre of the American painter Louis Michel Eilshemius, who was discovered by Marchel Duchamp in 1917.)</subfield>
  </datafield>
  <datafield tag="952" ind1=" " ind2=" ">
    <subfield code="a">RETRO</subfield>
  </datafield>
  <datafield tag="953" ind1=" " ind2=" ">
    <subfield code="a">xx00</subfield>
    <subfield code="b">vj03</subfield>
  </datafield>
</record>