
<record>
  <leader>02047cz  a2200421n  4500</leader>
  <controlfield tag="001">1481857</controlfield>
  <controlfield tag="003">DLC</controlfield>
  <controlfield tag="005">20200104073421.0</controlfield>
  <controlfield tag="008">830811n| azannaabn          |b aaa      </controlfield>
  <datafield tag="010" ind1=" " ind2=" ">
    <subfield code="a">n  82221109 </subfield>
  </datafield>
  <datafield tag="035" ind1=" " ind2=" ">
    <subfield code="a">(OCoLC)oca00877807</subfield>
  </datafield>
  <datafield tag="040" ind1=" " ind2=" ">
    <subfield code="a">DLC</subfield>
    <subfield code="b">eng</subfield>
    <subfield code="e">rda</subfield>
    <subfield code="c">DLC</subfield>
    <subfield code="d">InU</subfield>
    <subfield code="d">NjP</subfield>
    <subfield code="d">DLC</subfield>
    <subfield code="d">OCoLC</subfield>
    <subfield code="d">NjP</subfield>
    <subfield code="d">WU</subfield>
  </datafield>
  <datafield tag="046" ind1=" " ind2=" ">
    <subfield code="f">1927-11-20</subfield>
    <subfield code="g">2007-03-26</subfield>
    <subfield code="2">edtf</subfield>
  </datafield>
  <datafield tag="100" ind1="1" ind2=" ">
    <subfield code="a">Ulʹi︠a︡nov, Mikhail</subfield>
  </datafield>
  <datafield tag="370" ind1=" " ind2=" ">
    <subfield code="a">Bergamak (Russia)</subfield>
  </datafield>
  <datafield tag="370" ind1=" " ind2=" ">
    <subfield code="b">Moscow (Russia)</subfield>
    <subfield code="2">naf</subfield>
  </datafield>
  <datafield tag="374" ind1=" " ind2=" ">
    <subfield code="a">Motion picture producers and directors</subfield>
    <subfield code="a">Actors</subfield>
    <subfield code="a">Screenwriters</subfield>
    <subfield code="2">lcsh</subfield>
  </datafield>
  <datafield tag="375" ind1=" " ind2=" ">
    <subfield code="a">Males</subfield>
    <subfield code="2">lcdgt</subfield>
  </datafield>
  <datafield tag="377" ind1=" " ind2=" ">
    <subfield code="a">rus</subfield>
  </datafield>
  <datafield tag="378" ind1=" " ind2=" ">
    <subfield code="q">Mikhail Aleksandrovich</subfield>
  </datafield>
  <datafield tag="400" ind1="1" ind2=" ">
    <subfield code="a">Ульянов, Михаил</subfield>
  </datafield>
  <datafield tag="400" ind1="1" ind2=" ">
    <subfield code="w">nna</subfield>
    <subfield code="a">Ulʹi︠a︡nov, Mikhail Aleksandrovich</subfield>
  </datafield>
  <datafield tag="400" ind1="1" ind2=" ">
    <subfield code="a">Ulyanov, Mikhail</subfield>
  </datafield>
  <datafield tag="400" ind1="1" ind2=" ">
    <subfield code="a">Ulʹi︠a︡nov, M. A.</subfield>
    <subfield code="q">(Mikhail Aleksandrovich)</subfield>
  </datafield>
  <datafield tag="400" ind1="1" ind2=" ">
    <subfield code="a">Ulyanov, Michael</subfield>
  </datafield>
  <datafield tag="400" ind1="1" ind2=" ">
    <subfield code="a">Uljanow, Michael</subfield>
  </datafield>
  <datafield tag="667" ind1=" " ind2=" ">
    <subfield code="a">Machine-derived non-Latin script reference project.</subfield>
  </datafield>
  <datafield tag="667" ind1=" " ind2=" ">
    <subfield code="a">Non-Latin script reference not evaluated.</subfield>
  </datafield>
  <datafield tag="670" ind1=" " ind2=" ">
    <subfield code="a">Moi︠a︡ professii︠a︡, 1975.</subfield>
  </datafield>
  <datafield tag="670" ind1=" " ind2=" ">
    <subfield code="a">Data from Internat. Film Exchange for Chastnai︠a︡ zhiznʹ [MP] 1983, c1982:</subfield>
    <subfield code="b">(Mikhail Ulyanov)</subfield>
  </datafield>
  <datafield tag="670" ind1=" " ind2=" ">
    <subfield code="a">Bolsh. sov. ėnt︠s︡iklop., 3rd ed.</subfield>
    <subfield code="b">(Ulʹi︠a︡nov, Mikhail Aleksandrovich; b. 11/20/27)</subfield>
  </datafield>
  <datafield tag="670" ind1=" " ind2=" ">
    <subfield code="a">Vozrashchai︠a︡sʹ k samomu sebe, 1996:</subfield>
    <subfield code="b">colophon (Ulʹi︠a︡nov, M.A.)</subfield>
  </datafield>
  <datafield tag="670" ind1=" " ind2=" ">
    <subfield code="a">Viti︠a︡zʹ v tigrovoĭ shkure, 1983:</subfield>
    <subfield code="b">container insert (Michael Ulyanov)</subfield>
  </datafield>
  <datafield tag="670" ind1=" " ind2=" ">
    <subfield code="a">Russian Wikipedia WWW site, Mar. 27, 2007</subfield>
    <subfield code="b">(Mikhail Aleksandrovich Ulʹi︠a︡nov; b. Nov. 20, 1927, Bergamak, Muromt︠s︡evskiĭ raĭon, Omskai︠a︡ oblastʹ; d. Mar. 26, 2007, Moscow; theater and motion picture actor)</subfield>
  </datafield>
  <datafield tag="670" ind1=" " ind2=" ">
    <subfield code="a">Karl Liebknecht, 2005:</subfield>
    <subfield code="b">disc 1, credits (Michael Uljanow)</subfield>
  </datafield>
  <datafield tag="670" ind1=" " ind2=" ">
    <subfield code="a">Imdb, April 19, 2014</subfield>
    <subfield code="b">(Mikhail Ulyanov; born Mikhail Aleksandrovich Ulyanov on November 20, 1927 in Bergamak, Omsk province, Soviet Union; died March 26, 2007 in Moscow; actor, director, screenwriter)</subfield>
  </datafield>
  <datafield tag="952" ind1=" " ind2=" ">
    <subfield code="a">RETRO</subfield>
  </datafield>
  <datafield tag="953" ind1=" " ind2=" ">
    <subfield code="a">xx00</subfield>
    <subfield code="b">tk02</subfield>
  </datafield>
</record>