
<record>
  <leader>01223cz  a2200253n  4500</leader>
  <controlfield tag="001">1533246</controlfield>
  <controlfield tag="003">DLC</controlfield>
  <controlfield tag="005">20200104073332.0</controlfield>
  <controlfield tag="008">850521n| azannaabn          |a aaa      </controlfield>
  <datafield tag="010" ind1=" " ind2=" ">
    <subfield code="a">n  85106449 </subfield>
    <subfield code="z">n  50049970 </subfield>
  </datafield>
  <datafield tag="035" ind1=" " ind2=" ">
    <subfield code="a">(OCoLC)oca01341875</subfield>
  </datafield>
  <datafield tag="040" ind1=" " ind2=" ">
    <subfield code="a">DLC</subfield>
    <subfield code="b">eng</subfield>
    <subfield code="e">rda</subfield>
    <subfield code="c">DLC</subfield>
    <subfield code="d">DLC</subfield>
    <subfield code="d">OCoLC</subfield>
    <subfield code="d">OkU</subfield>
  </datafield>
  <datafield tag="046" ind1=" " ind2=" ">
    <subfield code="f">1922-09-11</subfield>
    <subfield code="g">2005-06-18</subfield>
    <subfield code="2">edtf</subfield>
  </datafield>
  <datafield tag="100" ind1="1" ind2=" ">
    <subfield code="a">Rourke, Francis E.</subfield>
    <subfield code="q">(Francis Edward),</subfield>
    <subfield code="d">1922-2005</subfield>
  </datafield>
  <datafield tag="373" ind1=" " ind2=" ">
    <subfield code="a">Johns Hopkins University</subfield>
    <subfield code="2">naf</subfield>
  </datafield>
  <datafield tag="374" ind1=" " ind2=" ">
    <subfield code="a">College teachers</subfield>
    <subfield code="a">Political scientists</subfield>
    <subfield code="2">lcsh</subfield>
  </datafield>
  <datafield tag="375" ind1=" " ind2=" ">
    <subfield code="a">Males</subfield>
    <subfield code="2">lcdgt</subfield>
  </datafield>
  <datafield tag="378" ind1=" " ind2=" ">
    <subfield code="q">Francis Edward</subfield>
  </datafield>
  <datafield tag="400" ind1="1" ind2=" ">
    <subfield code="w">nna</subfield>
    <subfield code="a">Rourke, Francis Edward,</subfield>
    <subfield code="d">1922-</subfield>
  </datafield>
  <datafield tag="670" ind1=" " ind2=" ">
    <subfield code="a">Bureaucratic power in national policy making, 1985:</subfield>
    <subfield code="b">CIP t.p. (Francis E. Rourke, Johns Hopkins Univ.)</subfield>
  </datafield>
  <datafield tag="670" ind1=" " ind2=" ">
    <subfield code="a">LC data base, 5/15/85</subfield>
    <subfield code="b">(hdg.: Rourke, Francis Edward, 1922- ; usage: Francis E. Rourke)</subfield>
  </datafield>
  <datafield tag="670" ind1=" " ind2=" ">
    <subfield code="a">Contemporary authors, volumes 1-4, first revision, 1967:</subfield>
    <subfield code="b">(Francis E(dward) Rourke, b. Sept. 11, 1922; Johns Hopkins University, 1954- )</subfield>
  </datafield>
  <datafield tag="670" ind1=" " ind2=" ">
    <subfield code="a">Baltimore Sun, June 25, 2005:</subfield>
    <subfield code="b">Dr. Francis E. Rourke, 82, author, Hopkins political science professor (d. Saturday [June 18])</subfield>
    <subfield code="u">https://www.baltimoresun.com/news/bs-xpm-2005-06-21-0506210102-story.html</subfield>
  </datafield>
  <datafield tag="953" ind1=" " ind2=" ">
    <subfield code="a">bc16</subfield>
    <subfield code="b">kb01</subfield>
  </datafield>
</record>