
<record>
  <leader>00831cz  a2200217n  4500</leader>
  <controlfield tag="001">1575367</controlfield>
  <controlfield tag="003">DLC</controlfield>
  <controlfield tag="005">20200104073452.0</controlfield>
  <controlfield tag="008">860411n| azannaabn          |n aaa      </controlfield>
  <datafield tag="010" ind1=" " ind2=" ">
    <subfield code="a">n  86819369 </subfield>
  </datafield>
  <datafield tag="035" ind1=" " ind2=" ">
    <subfield code="a">(OCoLC)oca01553274</subfield>
  </datafield>
  <datafield tag="040" ind1=" " ind2=" ">
    <subfield code="a">DLC</subfield>
    <subfield code="b">eng</subfield>
    <subfield code="e">rda</subfield>
    <subfield code="c">DLC</subfield>
    <subfield code="d">DLC</subfield>
    <subfield code="d">NN</subfield>
  </datafield>
  <datafield tag="100" ind1="1" ind2=" ">
    <subfield code="a">Galembo, Phyllis</subfield>
  </datafield>
  <datafield tag="370" ind1=" " ind2=" ">
    <subfield code="c">United States</subfield>
    <subfield code="2">naf</subfield>
  </datafield>
  <datafield tag="372" ind1=" " ind2=" ">
    <subfield code="a">Photography</subfield>
    <subfield code="a">Art</subfield>
    <subfield code="2">lcsh</subfield>
  </datafield>
  <datafield tag="374" ind1=" " ind2=" ">
    <subfield code="a">Photographers</subfield>
    <subfield code="2">lcsh</subfield>
  </datafield>
  <datafield tag="375" ind1=" " ind2=" ">
    <subfield code="a">Females</subfield>
    <subfield code="2">lcdgt</subfield>
  </datafield>
  <datafield tag="670" ind1=" " ind2=" ">
    <subfield code="a">nuc86-32386: Her Pale pink, c1983</subfield>
    <subfield code="b">(hdg. on AzU rept.: Galembo, Phyllis; usage: Phyllis Galembo)</subfield>
  </datafield>
  <datafield tag="670" ind1=" " ind2=" ">
    <subfield code="a">Divine inspiration, c1993:</subfield>
    <subfield code="b">CIP t.p. (Phyllis Galembo) data sh. (b. 4/2/52)</subfield>
  </datafield>
  <datafield tag="670" ind1=" " ind2=" ">
    <subfield code="a">Maske, 2016:</subfield>
    <subfield code="b">dust jacket (Phyllis Galembo; she  is an American photographer and professor of art at the University at Albany, State University of New York)</subfield>
  </datafield>
  <datafield tag="953" ind1=" " ind2=" ">
    <subfield code="a">np12</subfield>
    <subfield code="b">sf09</subfield>
  </datafield>
</record>