
<record>
  <leader>01586cz  a2200325n  4500</leader>
  <controlfield tag="001">1589562</controlfield>
  <controlfield tag="003">DLC</controlfield>
  <controlfield tag="005">20200104073341.0</controlfield>
  <controlfield tag="008">870915nc azannaabn          |b aaa      </controlfield>
  <datafield tag="010" ind1=" " ind2=" ">
    <subfield code="a">n  87844669 </subfield>
  </datafield>
  <datafield tag="035" ind1=" " ind2=" ">
    <subfield code="a">(OCoLC)oca01940496</subfield>
  </datafield>
  <datafield tag="040" ind1=" " ind2=" ">
    <subfield code="a">DLC</subfield>
    <subfield code="b">eng</subfield>
    <subfield code="e">rda</subfield>
    <subfield code="c">DLC</subfield>
    <subfield code="d">DLC</subfield>
    <subfield code="d">OCoLC</subfield>
    <subfield code="d">HkUST</subfield>
    <subfield code="d">OCoLC</subfield>
    <subfield code="d">DLC</subfield>
    <subfield code="d">MH</subfield>
  </datafield>
  <datafield tag="100" ind1="1" ind2=" ">
    <subfield code="a">Tao, Hongjing,</subfield>
    <subfield code="d">452-536</subfield>
  </datafield>
  <datafield tag="400" ind1="1" ind2=" ">
    <subfield code="w">nne</subfield>
    <subfield code="a">Tʻao, Hung-ching,</subfield>
    <subfield code="d">452-536</subfield>
  </datafield>
  <datafield tag="400" ind1="1" ind2=" ">
    <subfield code="a">Tao, Tongming,</subfield>
    <subfield code="d">452-536</subfield>
  </datafield>
  <datafield tag="400" ind1="1" ind2=" ">
    <subfield code="a">Tao, Yinju,</subfield>
    <subfield code="d">452-536</subfield>
  </datafield>
  <datafield tag="400" ind1="1" ind2=" ">
    <subfield code="a">Tō, Kōkei,</subfield>
    <subfield code="d">452-536</subfield>
  </datafield>
  <datafield tag="400" ind1="0" ind2=" ">
    <subfield code="a">Zhenbaixiansheng,</subfield>
    <subfield code="d">452-536</subfield>
  </datafield>
  <datafield tag="400" ind1="1" ind2=" ">
    <subfield code="a">陶宏景,</subfield>
    <subfield code="d">452-536</subfield>
  </datafield>
  <datafield tag="400" ind1="1" ind2=" ">
    <subfield code="a">陶弘景,</subfield>
    <subfield code="d">452-536</subfield>
  </datafield>
  <datafield tag="667" ind1=" " ind2=" ">
    <subfield code="a">Machine-derived non-Latin script reference project.</subfield>
  </datafield>
  <datafield tag="667" ind1=" " ind2=" ">
    <subfield code="a">Non-Latin script references not evaluated.</subfield>
  </datafield>
  <datafield tag="667" ind1=" " ind2=" ">
    <subfield code="a">Non-Latin script references reviewed in NACO CJK Funnel References Project.</subfield>
  </datafield>
  <datafield tag="670" ind1=" " ind2=" ">
    <subfield code="a">Guiguzi, 1985:</subfield>
    <subfield code="b">t.p. (陶宏景 = Tao Hongjing, of Liang dynasty)</subfield>
  </datafield>
  <datafield tag="670" ind1=" " ind2=" ">
    <subfield code="a">LC data base, 8/31/87</subfield>
    <subfield code="b">(hdg.: Tʻao, Hung-ching, 452-536)</subfield>
  </datafield>
  <datafield tag="670" ind1=" " ind2=" ">
    <subfield code="a">Ryō Eikaku no mei, 1961 (1980 printing):</subfield>
    <subfield code="b">p. 54 (陶弘景 = Tō Kōkei; Tao Hongjing [Chinese reading]; assumed calligrapher of Eikaku no mei)</subfield>
  </datafield>
  <datafield tag="670" ind1=" " ind2=" ">
    <subfield code="a">Xun Gongzeng ji, 1973:</subfield>
    <subfield code="b">p. 2 (陶弘景 = Tao Hongjing; author of 2nd work Liang Zhenbaixiansheng Tao Yinju ji; zi: Tongming; hao: Huayang Tao Yinju; canonized: Zhenbaixiansheng)</subfield>
  </datafield>
  <datafield tag="670" ind1=" " ind2=" ">
    <subfield code="a">Baidu, Feb. 20, 2013:</subfield>
    <subfield code="b">(陶弘景 = Tao Hongjing; b. 456; d. 536)</subfield>
  </datafield>
  <datafield tag="670" ind1=" " ind2=" ">
    <subfield code="a">OCLC #52500508, November 21, 2019</subfield>
    <subfield code="b">(access point: 陶弘景, 452-536 = Tao, Hongjing, 452-536; usage: 陶弘景 = Tao Hongjing)</subfield>
  </datafield>
  <datafield tag="953" ind1=" " ind2=" ">
    <subfield code="a">bl04</subfield>
    <subfield code="b">bl01</subfield>
  </datafield>
</record>