
<record>
  <leader>01613cz  a2200265n  4500</leader>
  <controlfield tag="001">1593384</controlfield>
  <controlfield tag="003">DLC</controlfield>
  <controlfield tag="005">20200104073308.0</controlfield>
  <controlfield tag="008">881028n| azannaabn          |n aaa     c</controlfield>
  <datafield tag="010" ind1=" " ind2=" ">
    <subfield code="a">n  87896349 </subfield>
  </datafield>
  <datafield tag="035" ind1=" " ind2=" ">
    <subfield code="a">(OCoLC)oca02391933</subfield>
  </datafield>
  <datafield tag="040" ind1=" " ind2=" ">
    <subfield code="a">CLU</subfield>
    <subfield code="b">eng</subfield>
    <subfield code="e">rda</subfield>
    <subfield code="c">DLC</subfield>
    <subfield code="d">DLC</subfield>
    <subfield code="d">IEN</subfield>
    <subfield code="d">NcU</subfield>
  </datafield>
  <datafield tag="046" ind1=" " ind2=" ">
    <subfield code="f">1897-11-22</subfield>
    <subfield code="g">1940-03-11</subfield>
    <subfield code="2">edtf</subfield>
  </datafield>
  <datafield tag="053" ind1=" " ind2="4">
    <subfield code="a">PS3537.A8834</subfield>
    <subfield code="5">NcU</subfield>
  </datafield>
  <datafield tag="100" ind1="1" ind2=" ">
    <subfield code="a">Saunders, John Monk,</subfield>
    <subfield code="d">1897-1940</subfield>
  </datafield>
  <datafield tag="370" ind1=" " ind2=" ">
    <subfield code="c">United States</subfield>
    <subfield code="2">naf</subfield>
  </datafield>
  <datafield tag="374" ind1=" " ind2=" ">
    <subfield code="a">Screenwriters</subfield>
    <subfield code="2">lcsh</subfield>
  </datafield>
  <datafield tag="377" ind1=" " ind2=" ">
    <subfield code="a">eng</subfield>
  </datafield>
  <datafield tag="670" ind1=" " ind2=" ">
    <subfield code="a">Ace of aces [MP] 1933:</subfield>
    <subfield code="b">credits (screen play by John Monk Saunders)</subfield>
  </datafield>
  <datafield tag="670" ind1=" " ind2=" ">
    <subfield code="a">LC in OCLC, 10-29-87</subfield>
    <subfield code="b">(hdg.: Saunders, John Monk, 1897-1940; usage: John Monk Saunders)</subfield>
  </datafield>
  <datafield tag="670" ind1=" " ind2=" ">
    <subfield code="a">IMDb, 1 June 2010</subfield>
    <subfield code="b">(John Monk Saunders, b. 22 Nov. 1895, Hinckley, Minn, d. 11 March 1940, Ft. Myers, Fla.)</subfield>
  </datafield>
  <datafield tag="670" ind1=" " ind2=" ">
    <subfield code="a">Wikipedia, 1 June 2010</subfield>
    <subfield code="b">(John Monk Saunders, b. 22 Nov. 1897, Hinckley, Minn, d. 11 March 1940, Ft. Myers, Fla.)</subfield>
  </datafield>
  <datafield tag="670" ind1=" " ind2=" ">
    <subfield code="a">Time magazine, 18 March 1940, viewed online 1 June 2010</subfield>
    <subfield code="b">(John Monk Saunders died Ft. Myers Fla., aged 42)</subfield>
  </datafield>
  <datafield tag="670" ind1=" " ind2=" ">
    <subfield code="a">Marquis who&apos;s who WWW site, Jan. 2, 2020</subfield>
    <subfield code="b">(John Monk Saunders; born in Hinckley, Minnesota, Nov. 22, 1897, died Mar. 11, 1940; served on the editorial staff of the Los Angeles Times, 1922, New York Tribune, 1923; asso. editor Am. Magazine, 1924. Grad. U.S. Sch. of Mil. Aeronautics, Berkeley, Calif., 1917; commd. 2d lt. Air Service, U.S.A., May 16, 1917. Author: Single Lady, 1931; Nikki (musical comedy). Wrote screen plays: Wings; Legion of the Condemned; The Dawn Patrol; The Last Flight; A Yank at Oxford. Home: Hollywood, Calif.)</subfield>
  </datafield>
  <datafield tag="953" ind1=" " ind2=" ">
    <subfield code="a">bz70</subfield>
  </datafield>
</record>