
<record>
  <leader>01500cz  a2200217n  4500</leader>
  <controlfield tag="001">1626014</controlfield>
  <controlfield tag="003">DLC</controlfield>
  <controlfield tag="005">20200104073306.0</controlfield>
  <controlfield tag="008">880812n| azannaabn          |n aaa      </controlfield>
  <datafield tag="010" ind1=" " ind2=" ">
    <subfield code="a">n  88654959 </subfield>
  </datafield>
  <datafield tag="035" ind1=" " ind2=" ">
    <subfield code="a">(OCoLC)oca02339951</subfield>
  </datafield>
  <datafield tag="040" ind1=" " ind2=" ">
    <subfield code="a">DLC</subfield>
    <subfield code="b">eng</subfield>
    <subfield code="e">rda</subfield>
    <subfield code="c">DLC</subfield>
    <subfield code="d">OU</subfield>
  </datafield>
  <datafield tag="046" ind1=" " ind2=" ">
    <subfield code="f">1904-10-26</subfield>
    <subfield code="g">1993-02-08</subfield>
    <subfield code="2">edtf</subfield>
  </datafield>
  <datafield tag="100" ind1="1" ind2=" ">
    <subfield code="a">Linder, Arthur,</subfield>
    <subfield code="d">1904-1993</subfield>
  </datafield>
  <datafield tag="370" ind1=" " ind2=" ">
    <subfield code="a">Lausanne (Switzerland)</subfield>
    <subfield code="b">Geneva (Switzerland)</subfield>
    <subfield code="2">naf</subfield>
  </datafield>
  <datafield tag="374" ind1=" " ind2=" ">
    <subfield code="a">Statisticians</subfield>
    <subfield code="a">College teachers</subfield>
    <subfield code="2">lcsh</subfield>
  </datafield>
  <datafield tag="375" ind1=" " ind2=" ">
    <subfield code="a">Males</subfield>
    <subfield code="2">lcdgt</subfield>
  </datafield>
  <datafield tag="670" ind1=" " ind2=" ">
    <subfield code="a">nuc88-74273: His Statistische Methoden für Naturwissenschafter ... [MI] c1945</subfield>
    <subfield code="b">(hdg. on CtY rept.: Linder, Arthur, 1904- ; usage: Arthur Linder)</subfield>
  </datafield>
  <datafield tag="670" ind1=" " ind2=" ">
    <subfield code="a">LC data base, 8/12/88</subfield>
    <subfield code="b">(hdg.: Linder, Arthur, 1904- )</subfield>
  </datafield>
  <datafield tag="670" ind1=" " ind2=" ">
    <subfield code="a">Wikidata via Wikipedia, January 3, 2020</subfield>
    <subfield code="b">(alias: Arthur Linder; instance of: human; sex or gender: male; date of death: +1993-02-08T00:00:00Z; VIAF identifier: 10336313; GND identifier: 118573209; given name: Arthur; date of birth: +1904-10-26T00:00:00Z; country of citizenship: Switzerland; place of birth: Lausanne; SHARE Catalogue author ID (P3987): 56161; occupation: university teacher; ISNI (P213): 0000000109538307; NTA identifier (Netherlands): 069708215; employer: University of Geneva, University of Lausanne; NKC identifier: nlk20030136059; BDEL ID (P6231): 77217; LCAuth identifier: n88654959; surname: Linder; description/label: profesor universitariu suizu , Zwitsers universitair docent )</subfield>
    <subfield code="u">http://www.wikidata.org/entity/Q23894038</subfield>
  </datafield>
  <datafield tag="953" ind1=" " ind2=" ">
    <subfield code="a">ns26</subfield>
  </datafield>
</record>