
<record>
  <leader>01529cz  a2200229n  4500</leader>
  <controlfield tag="001">1652426</controlfield>
  <controlfield tag="003">DLC</controlfield>
  <controlfield tag="005">20200104134246.0</controlfield>
  <controlfield tag="008">900119n| azannaabn          |a aaa      </controlfield>
  <datafield tag="010" ind1=" " ind2=" ">
    <subfield code="a">n  90603959 </subfield>
    <subfield code="z">n 2016008853</subfield>
  </datafield>
  <datafield tag="035" ind1=" " ind2=" ">
    <subfield code="a">(OCoLC)oca02670796</subfield>
  </datafield>
  <datafield tag="040" ind1=" " ind2=" ">
    <subfield code="a">DLC</subfield>
    <subfield code="b">eng</subfield>
    <subfield code="e">rda</subfield>
    <subfield code="c">DLC</subfield>
    <subfield code="d">NcD</subfield>
    <subfield code="d">DLC</subfield>
  </datafield>
  <datafield tag="046" ind1=" " ind2=" ">
    <subfield code="f">1890-10-06</subfield>
    <subfield code="g">1969-03-15</subfield>
    <subfield code="2">edtf</subfield>
  </datafield>
  <datafield tag="100" ind1="1" ind2=" ">
    <subfield code="a">Lowenthal, Marvin,</subfield>
    <subfield code="d">1890-1969</subfield>
  </datafield>
  <datafield tag="400" ind1="1" ind2=" ">
    <subfield code="w">nne</subfield>
    <subfield code="a">Lowenthal, Marvin M.</subfield>
  </datafield>
  <datafield tag="670" ind1=" " ind2=" ">
    <subfield code="a">His A world passed by, 1990:</subfield>
    <subfield code="b">CIP t.p. (Marvin Lowenthal)</subfield>
  </datafield>
  <datafield tag="670" ind1=" " ind2=" ">
    <subfield code="a">LC data base, 1-19-90</subfield>
    <subfield code="b">(hdg.: Lowenthal, Marvin, 1890-1969)</subfield>
  </datafield>
  <datafield tag="670" ind1=" " ind2=" ">
    <subfield code="a">Battle song zion, 1919:</subfield>
    <subfield code="b">t.p. (Marvin M. Lowenthal)</subfield>
  </datafield>
  <datafield tag="670" ind1=" " ind2=" ">
    <subfield code="a">Marvin Lowenthal, Historian, Editor and Critic, Is Dead at 78. New York Times, March 17, 1969, page 39, viewed online via ProQuest Historical Newspapers, September 17, 2019</subfield>
    <subfield code="b">(Marvin Lowenthal; historian, essayist, critic, active in the Zionist movement; born in Pennsylvania; A.B. degree from University of Wisconsin in 1915; M.A. from Harvard; moved to San Francisco and worked in the Zionist movement; came to New York in 1919 as editor of The Menorah Journal; spent inter-war period in Europe; editor of The American Zionist)</subfield>
  </datafield>
  <datafield tag="670" ind1=" " ind2=" ">
    <subfield code="a">David R. Godine, Publisher website, viewed September 17, 2019</subfield>
    <subfield code="b">(Marvin Lowenthal; 1890-1969; Marvin Marx Lowenthal; author of Autobiography of Michel de Montaigne)</subfield>
  </datafield>
  <datafield tag="670" ind1=" " ind2=" ">
    <subfield code="a">Ancestry, January 4, 2019</subfield>
    <subfield code="b">(Marvin M. Lowenthal, b. 6 October 1890, Bradford, Pennsylvania; d. 15 March 1969, Boston, Suffolk County, Massachusetts)</subfield>
  </datafield>
  <datafield tag="953" ind1=" " ind2=" ">
    <subfield code="a">be11</subfield>
  </datafield>
</record>