
<record>
  <leader>01339cz  a2200337n  4500</leader>
  <controlfield tag="001">1754439</controlfield>
  <controlfield tag="003">DLC</controlfield>
  <controlfield tag="005">20200104073515.0</controlfield>
  <controlfield tag="008">951208nc azannaabn          |b aaa     c</controlfield>
  <datafield tag="010" ind1=" " ind2=" ">
    <subfield code="a">nr 95045419 </subfield>
  </datafield>
  <datafield tag="035" ind1=" " ind2=" ">
    <subfield code="a">(OCoLC)oca03975083</subfield>
  </datafield>
  <datafield tag="040" ind1=" " ind2=" ">
    <subfield code="a">NjP</subfield>
    <subfield code="b">eng</subfield>
    <subfield code="e">rda</subfield>
    <subfield code="c">NjP</subfield>
    <subfield code="d">OCoLC</subfield>
    <subfield code="d">HkUST</subfield>
    <subfield code="d">DLC</subfield>
    <subfield code="d">MH</subfield>
  </datafield>
  <datafield tag="046" ind1=" " ind2=" ">
    <subfield code="g">1622</subfield>
  </datafield>
  <datafield tag="100" ind1="1" ind2=" ">
    <subfield code="a">Tu, Benjun,</subfield>
    <subfield code="d">-1622</subfield>
  </datafield>
  <datafield tag="400" ind1="1" ind2=" ">
    <subfield code="w">nnea</subfield>
    <subfield code="a">Tu, Benjun,</subfield>
    <subfield code="d">d. 1622</subfield>
  </datafield>
  <datafield tag="400" ind1="1" ind2=" ">
    <subfield code="a">Tʻu, Han-pei,</subfield>
    <subfield code="d">-1622</subfield>
  </datafield>
  <datafield tag="400" ind1="1" ind2=" ">
    <subfield code="a">Tu, Hanbei,</subfield>
    <subfield code="d">-1622</subfield>
  </datafield>
  <datafield tag="400" ind1="1" ind2=" ">
    <subfield code="w">nnea</subfield>
    <subfield code="a">Tʻu, Pen-chün,</subfield>
    <subfield code="d">d. 1622</subfield>
  </datafield>
  <datafield tag="400" ind1="1" ind2=" ">
    <subfield code="a">Tu, Tianshu,</subfield>
    <subfield code="d">-1622</subfield>
  </datafield>
  <datafield tag="400" ind1="1" ind2=" ">
    <subfield code="a">Tʻu, Tʻien-shu,</subfield>
    <subfield code="d">-1622</subfield>
  </datafield>
  <datafield tag="400" ind1="1" ind2=" ">
    <subfield code="a">屠漢陂,</subfield>
    <subfield code="d">-1622</subfield>
  </datafield>
  <datafield tag="400" ind1="1" ind2=" ">
    <subfield code="a">屠本畯,</subfield>
    <subfield code="d">-1622</subfield>
  </datafield>
  <datafield tag="400" ind1="1" ind2=" ">
    <subfield code="a">屠田叔,</subfield>
    <subfield code="d">-1622</subfield>
  </datafield>
  <datafield tag="667" ind1=" " ind2=" ">
    <subfield code="a">Machine-derived non-Latin script reference project.</subfield>
  </datafield>
  <datafield tag="667" ind1=" " ind2=" ">
    <subfield code="a">Non-Latin script references not evaluated.</subfield>
  </datafield>
  <datafield tag="667" ind1=" " ind2=" ">
    <subfield code="a">Non-Latin script references reviewed in NACO CJK Funnel References Project.</subfield>
  </datafield>
  <datafield tag="670" ind1=" " ind2=" ">
    <subfield code="a">Mao shih Cheng chien, 1594:</subfield>
    <subfield code="b">t.p. (屠本畯 = Tʻu Pen-chün, of Yung-tung)</subfield>
  </datafield>
  <datafield tag="670" ind1=" " ind2=" ">
    <subfield code="a">Dict. Ming biog., 1976</subfield>
    <subfield code="b">(under Hsü Po: 屠本畯 = Tʻu Pen-chün; t. 田叔 = Tʻien-shu [in Chi.]; h. 漢陂 = Han-pei [in Chi.]; d. 1622; over 80 yrs. old)</subfield>
  </datafield>
  <datafield tag="670" ind1=" " ind2=" ">
    <subfield code="a">OCLC #960472790, December 23, 2019</subfield>
    <subfield code="b">(access point: 屠本畯, -1622 = Tu, Benjun, -1622; usage: 屠本畯 = Tu Benjun)</subfield>
  </datafield>
  <datafield tag="953" ind1=" " ind2=" ">
    <subfield code="a">xx00</subfield>
  </datafield>
  <datafield tag="985" ind1=" " ind2=" ">
    <subfield code="c">RLG</subfield>
    <subfield code="e">LSPC</subfield>
  </datafield>
</record>