
<record>
  <leader>01115cz  a2200253n  4500</leader>
  <controlfield tag="001">1870605</controlfield>
  <controlfield tag="003">DLC</controlfield>
  <controlfield tag="005">20200104073348.0</controlfield>
  <controlfield tag="008">801021n| azannaabn          fa ana      </controlfield>
  <datafield tag="010" ind1=" " ind2=" ">
    <subfield code="a">n  50061721 </subfield>
  </datafield>
  <datafield tag="035" ind1=" " ind2=" ">
    <subfield code="a">(OCoLC)oca00096141</subfield>
  </datafield>
  <datafield tag="040" ind1=" " ind2=" ">
    <subfield code="a">DLC</subfield>
    <subfield code="b">eng</subfield>
    <subfield code="e">rda</subfield>
    <subfield code="c">DLC</subfield>
    <subfield code="d">OCoLC</subfield>
    <subfield code="d">DLC</subfield>
    <subfield code="d">MiEM</subfield>
  </datafield>
  <datafield tag="110" ind1="1" ind2=" ">
    <subfield code="a">Nicaragua.</subfield>
    <subfield code="b">Dirección General de Cartografía</subfield>
  </datafield>
  <datafield tag="368" ind1=" " ind2=" ">
    <subfield code="a">Administrative agencies</subfield>
    <subfield code="2">lcsh</subfield>
  </datafield>
  <datafield tag="370" ind1=" " ind2=" ">
    <subfield code="c">Nicaragua</subfield>
    <subfield code="e">Managua (Nicaragua)</subfield>
    <subfield code="2">naf</subfield>
  </datafield>
  <datafield tag="372" ind1=" " ind2=" ">
    <subfield code="a">Cartography</subfield>
    <subfield code="2">lcsh</subfield>
  </datafield>
  <datafield tag="410" ind1="1" ind2=" ">
    <subfield code="a">Nicaragua.</subfield>
    <subfield code="b">Ministerio de Fomento y Obras Públicas.</subfield>
    <subfield code="b">Dirección General de Cartografía</subfield>
  </datafield>
  <datafield tag="410" ind1="1" ind2=" ">
    <subfield code="a">Nicaragua.</subfield>
    <subfield code="b">Ministerio de Obras Públicas.</subfield>
    <subfield code="b">Dirección General de Cartografía</subfield>
  </datafield>
  <datafield tag="410" ind1="2" ind2=" ">
    <subfield code="a">D.G.C. (Agency : Nicaragua)</subfield>
  </datafield>
  <datafield tag="410" ind1="2" ind2=" ">
    <subfield code="a">DGC (Agency : Nicaragua)</subfield>
  </datafield>
  <datafield tag="670" ind1=" " ind2=" ">
    <subfield code="a">Its Proyecto Río Viejo (ENALUF), 1966.</subfield>
  </datafield>
  <datafield tag="670" ind1=" " ind2=" ">
    <subfield code="a">Central America 1:250,000, 1960-:</subfield>
    <subfield code="b">Managua sheet, 1969, map recto (Dirección General de Cartografía, Managua, Nicaragua) Granada sheet, 1968 (Dirección General de Cartografía (D.G.C.), Ministerio de Obras Públicas, Managua, Nicaragua; DGC)</subfield>
  </datafield>
  <datafield tag="952" ind1=" " ind2=" ">
    <subfield code="a">RETRO</subfield>
  </datafield>
  <datafield tag="953" ind1=" " ind2=" ">
    <subfield code="a">xx00</subfield>
  </datafield>
</record>