
<record>
  <leader>02642cz  a2200337n  4500</leader>
  <controlfield tag="001">1890402</controlfield>
  <controlfield tag="003">DLC</controlfield>
  <controlfield tag="005">20200104073354.0</controlfield>
  <controlfield tag="008">790802n| azannaabn          |a ana      </controlfield>
  <datafield tag="010" ind1=" " ind2=" ">
    <subfield code="a">n  79064571 </subfield>
  </datafield>
  <datafield tag="035" ind1=" " ind2=" ">
    <subfield code="a">(OCoLC)oca00297502</subfield>
  </datafield>
  <datafield tag="040" ind1=" " ind2=" ">
    <subfield code="a">DLC</subfield>
    <subfield code="b">eng</subfield>
    <subfield code="e">rda</subfield>
    <subfield code="c">DLC</subfield>
    <subfield code="d">OCoLC</subfield>
    <subfield code="d">DLC</subfield>
    <subfield code="d">WaPS</subfield>
  </datafield>
  <datafield tag="046" ind1=" " ind2=" ">
    <subfield code="s">1972?</subfield>
    <subfield code="t">1987</subfield>
    <subfield code="2">edtf</subfield>
  </datafield>
  <datafield tag="110" ind1="2" ind2=" ">
    <subfield code="a">Washington State University.</subfield>
    <subfield code="b">Department of Materials Science and Engineering</subfield>
  </datafield>
  <datafield tag="368" ind1=" " ind2=" ">
    <subfield code="a">Universities and colleges--Departments</subfield>
    <subfield code="2">lcsh</subfield>
  </datafield>
  <datafield tag="370" ind1=" " ind2=" ">
    <subfield code="c">United States</subfield>
    <subfield code="e">Pullman (Wash.)</subfield>
    <subfield code="2">naf</subfield>
  </datafield>
  <datafield tag="372" ind1=" " ind2=" ">
    <subfield code="a">Materials science</subfield>
    <subfield code="a">Education, Higher</subfield>
    <subfield code="2">lcsh</subfield>
  </datafield>
  <datafield tag="377" ind1=" " ind2=" ">
    <subfield code="a">eng</subfield>
  </datafield>
  <datafield tag="410" ind1="1" ind2=" ">
    <subfield code="a">Washington (State).</subfield>
    <subfield code="b">State University, Pullman.</subfield>
    <subfield code="b">College of Engineering.</subfield>
    <subfield code="b">Research Division.</subfield>
    <subfield code="b">Department of Materials Science &amp; Engineering</subfield>
  </datafield>
  <datafield tag="410" ind1="1" ind2=" ">
    <subfield code="w">nnaa</subfield>
    <subfield code="a">Washington (State).</subfield>
    <subfield code="b">State University, Pullman.</subfield>
    <subfield code="b">Dept. of Materials Science &amp; Engineering.</subfield>
  </datafield>
  <datafield tag="410" ind1="2" ind2=" ">
    <subfield code="w">nnea</subfield>
    <subfield code="a">Washington State University.</subfield>
    <subfield code="b">Dept. of Materials Science &amp; Engineering</subfield>
  </datafield>
  <datafield tag="410" ind1="2" ind2=" ">
    <subfield code="w">nne</subfield>
    <subfield code="a">Washington State University.</subfield>
    <subfield code="b">Department of Materials Science &amp; Engineering</subfield>
  </datafield>
  <datafield tag="510" ind1="2" ind2=" ">
    <subfield code="w">r</subfield>
    <subfield code="i">Hierarchical superior:</subfield>
    <subfield code="a">Washington State University</subfield>
  </datafield>
  <datafield tag="510" ind1="2" ind2=" ">
    <subfield code="w">r</subfield>
    <subfield code="i">Mergee:</subfield>
    <subfield code="a">Washington State University.</subfield>
    <subfield code="b">Department of Mechanical Engineering</subfield>
  </datafield>
  <datafield tag="510" ind1="2" ind2=" ">
    <subfield code="w">r</subfield>
    <subfield code="i">Product of merger:</subfield>
    <subfield code="a">Washington State University.</subfield>
    <subfield code="b">Department of Mechanical and Materials Engineering</subfield>
  </datafield>
  <datafield tag="670" ind1=" " ind2=" ">
    <subfield code="a">Washington State University catalog issue 1972-73, viewed Dec. 30, 2019:</subfield>
    <subfield code="b">page 204 (Department of Materials Science and Engineering)</subfield>
    <subfield code="u">http://hdl.handle.net/2376/6499</subfield>
  </datafield>
  <datafield tag="670" ind1=" " ind2=" ">
    <subfield code="a">Washington State University 1985-87 bulletin, viewed Dec. 30, 2019:</subfield>
    <subfield code="b">page 260 (Department of Materials Science and Engineering) page 269 (Department of Mechanical Engineering)</subfield>
    <subfield code="u">http://hdl.handle.net/2376/6534</subfield>
  </datafield>
  <datafield tag="670" ind1=" " ind2=" ">
    <subfield code="a">Washington State University 1987-89 bulletin, viewed Dec. 30, 2019:</subfield>
    <subfield code="b">page 125 (Department of Mechanical and Materials Engineering)</subfield>
    <subfield code="u">http://hdl.handle.net/2376/6536</subfield>
  </datafield>
  <datafield tag="670" ind1=" " ind2=" ">
    <subfield code="a">WSU week, October 27, 1995, viewed September 18, 2019:</subfield>
    <subfield code="b">Front page (Mechanical/Materials Engineering Celebrates &apos;School&apos; Status. Mechanical and Materials Engineering School ... former department was redesignated by the WSU board of Regents last June. The school&apos;s academic offerings have grown to include eight degree programs--a  blend of sophisticated materials science, mechanical engineering, biological systems and prospective manufacturing programs. The Materials science Mechanical Engineering units joined together in 1985. Mechanical Arts was part of the university&apos;s original charter)</subfield>
    <subfield code="u">https://content.libraries.wsu.edu/digital/collection/p16866coll12/id/4320</subfield>
  </datafield>
  <datafield tag="952" ind1=" " ind2=" ">
    <subfield code="a">RETRO</subfield>
  </datafield>
  <datafield tag="953" ind1=" " ind2=" ">
    <subfield code="a">xx00</subfield>
  </datafield>
</record>