
<record>
  <leader>02572cz  a2200517n  4500</leader>
  <controlfield tag="001">1892058</controlfield>
  <controlfield tag="003">DLC</controlfield>
  <controlfield tag="005">20200104073355.0</controlfield>
  <controlfield tag="008">791011n| azannaabn          |b aaa      </controlfield>
  <datafield tag="010" ind1=" " ind2=" ">
    <subfield code="a">n  79081931 </subfield>
  </datafield>
  <datafield tag="035" ind1=" " ind2=" ">
    <subfield code="a">(OCoLC)oca00314459</subfield>
  </datafield>
  <datafield tag="040" ind1=" " ind2=" ">
    <subfield code="a">DLC</subfield>
    <subfield code="b">eng</subfield>
    <subfield code="e">rda</subfield>
    <subfield code="c">DLC</subfield>
    <subfield code="d">DLC</subfield>
    <subfield code="d">NBuU</subfield>
    <subfield code="d">DLC</subfield>
    <subfield code="d">OCoLC</subfield>
    <subfield code="d">UPB</subfield>
    <subfield code="d">DLC</subfield>
    <subfield code="d">NNC</subfield>
    <subfield code="d">DLC</subfield>
    <subfield code="d">WU</subfield>
  </datafield>
  <datafield tag="046" ind1=" " ind2=" ">
    <subfield code="f">1872-03-19</subfield>
    <subfield code="g">1929-08-19</subfield>
    <subfield code="2">edtf</subfield>
  </datafield>
  <datafield tag="100" ind1="1" ind2=" ">
    <subfield code="a">Diaghilev, Serge,</subfield>
    <subfield code="d">1872-1929</subfield>
  </datafield>
  <datafield tag="370" ind1=" " ind2=" ">
    <subfield code="c">Russia</subfield>
  </datafield>
  <datafield tag="372" ind1=" " ind2=" ">
    <subfield code="a">Performing arts</subfield>
    <subfield code="2">lcsh</subfield>
  </datafield>
  <datafield tag="374" ind1=" " ind2=" ">
    <subfield code="a">Impresarios</subfield>
    <subfield code="2">lcsh</subfield>
  </datafield>
  <datafield tag="375" ind1=" " ind2=" ">
    <subfield code="a">Males</subfield>
    <subfield code="2">lcdgt</subfield>
  </datafield>
  <datafield tag="377" ind1=" " ind2=" ">
    <subfield code="a">rus</subfield>
    <subfield code="a">fre</subfield>
  </datafield>
  <datafield tag="400" ind1="1" ind2=" ">
    <subfield code="a">De Diaghilev, Serge,</subfield>
    <subfield code="d">1872-1929</subfield>
  </datafield>
  <datafield tag="400" ind1="1" ind2=" ">
    <subfield code="a">Diaghileff, Serge de,</subfield>
    <subfield code="d">1872-1929</subfield>
  </datafield>
  <datafield tag="400" ind1="1" ind2=" ">
    <subfield code="a">Diaghilev, Serge de,</subfield>
    <subfield code="d">1872-1929</subfield>
  </datafield>
  <datafield tag="400" ind1="1" ind2=" ">
    <subfield code="a">Diaghilev, Sergei Pavlovich,</subfield>
    <subfield code="d">1872-1929</subfield>
  </datafield>
  <datafield tag="400" ind1="1" ind2=" ">
    <subfield code="a">Diaghilev, Sergey Pavlovich,</subfield>
    <subfield code="d">1872-1929</subfield>
  </datafield>
  <datafield tag="400" ind1="1" ind2=" ">
    <subfield code="a">Diaghilew, Serge de,</subfield>
    <subfield code="d">1872-1929</subfield>
  </datafield>
  <datafield tag="400" ind1="1" ind2=" ">
    <subfield code="a">Di︠a︡gilev, S. P.</subfield>
    <subfield code="q">(Sergeĭ Pavlovich),</subfield>
    <subfield code="d">1872-1929</subfield>
  </datafield>
  <datafield tag="400" ind1="1" ind2=" ">
    <subfield code="a">Di︠a︡gilev, S.</subfield>
    <subfield code="q">(Sergeĭ),</subfield>
    <subfield code="d">1872-1929</subfield>
  </datafield>
  <datafield tag="400" ind1="1" ind2=" ">
    <subfield code="a">Di︠a︡gilev, Sergeĭ,</subfield>
    <subfield code="d">1872-1929</subfield>
  </datafield>
  <datafield tag="400" ind1="1" ind2=" ">
    <subfield code="w">nna</subfield>
    <subfield code="a">Di︠a︡gilev, Sergeĭ Pavlovich,</subfield>
    <subfield code="d">1872-1929.</subfield>
  </datafield>
  <datafield tag="400" ind1="1" ind2=" ">
    <subfield code="a">Di︠a︡gilev, Sergi︠e︡ĭ,</subfield>
    <subfield code="d">1872-1929</subfield>
  </datafield>
  <datafield tag="400" ind1="1" ind2=" ">
    <subfield code="a">Djagilev, Sergej,</subfield>
    <subfield code="d">1872-1929</subfield>
  </datafield>
  <datafield tag="400" ind1="1" ind2=" ">
    <subfield code="a">Dyagilev, Sergei Pavlovich,</subfield>
    <subfield code="d">1872-1929</subfield>
  </datafield>
  <datafield tag="400" ind1="1" ind2=" ">
    <subfield code="a">Дягилев, Сергей,</subfield>
    <subfield code="d">1872-1929</subfield>
  </datafield>
  <datafield tag="510" ind1="2" ind2=" ">
    <subfield code="w">r</subfield>
    <subfield code="i">Founded corporate body:</subfield>
    <subfield code="a">Ballets russes</subfield>
  </datafield>
  <datafield tag="667" ind1=" " ind2=" ">
    <subfield code="a">Machine-derived non-Latin script reference project.</subfield>
  </datafield>
  <datafield tag="667" ind1=" " ind2=" ">
    <subfield code="a">Non-Latin script reference not evaluated.</subfield>
  </datafield>
  <datafield tag="670" ind1=" " ind2=" ">
    <subfield code="a">Sergeĭ Di︠a︡gilev i russkoe iskusstvo, 1982- :</subfield>
    <subfield code="b">v. 1, t.p., etc. (Sergeĭ Di︠a︡gilev)</subfield>
  </datafield>
  <datafield tag="670" ind1=" " ind2=" ">
    <subfield code="a">Collier&apos;s, 1973</subfield>
    <subfield code="b">(Diaghilev, Serge)</subfield>
  </datafield>
  <datafield tag="670" ind1=" " ind2=" ">
    <subfield code="a">Enc. amer., 1975</subfield>
    <subfield code="b">(Diaghilev, Sergei Pavlovich)</subfield>
  </datafield>
  <datafield tag="670" ind1=" " ind2=" ">
    <subfield code="a">Enc. Brit., 15th</subfield>
    <subfield code="b">(Diaghilev, Sergey Pavlovich)</subfield>
  </datafield>
  <datafield tag="670" ind1=" " ind2=" ">
    <subfield code="a">Nouv. petit Larousse, 1969</subfield>
    <subfield code="b">(Diaghilev, Serge de)</subfield>
  </datafield>
  <datafield tag="670" ind1=" " ind2=" ">
    <subfield code="a">Il simbolismo russo, c1992:</subfield>
    <subfield code="b">t.p. (Sergej Djagilev)</subfield>
  </datafield>
  <datafield tag="670" ind1=" " ind2=" ">
    <subfield code="a">Gay &amp; lesbian biography, 1997:</subfield>
    <subfield code="b">p. 147 (Sergei Diaghilev, 1872-1929; Russian impresario; Sergei Pavlovich Dyagilev, born in Seleschev, in Novgorod, Russia, March 19, 1872) p. 149 (died August 19, 1929 in Venice of diabetic complications)</subfield>
  </datafield>
  <datafield tag="670" ind1=" " ind2=" ">
    <subfield code="a">Sergei Diaghilev and beyond, 2013, via WWW, viewed July 8, 2013:</subfield>
    <subfield code="b">Sergei Diaghilev (1872-1929), Introduction (Sergei Diaghilev, the renowned Russian cultural impresario, founder of the famous Ballets Russes Company, which centennial seasons in Paris are being widely celebrated this year, was born in a small town in Novgorod province.)</subfield>
  </datafield>
  <datafield tag="952" ind1=" " ind2=" ">
    <subfield code="a">RETRO</subfield>
  </datafield>
  <datafield tag="953" ind1=" " ind2=" ">
    <subfield code="a">xx00</subfield>
    <subfield code="b">vl26</subfield>
  </datafield>
</record>