
<record>
  <leader>02406cz  a2200553n  4500</leader>
  <controlfield tag="001">1901508</controlfield>
  <controlfield tag="003">DLC</controlfield>
  <controlfield tag="005">20200104073409.0</controlfield>
  <controlfield tag="008">800423nc azannaabn          |b aaa      </controlfield>
  <datafield tag="010" ind1=" " ind2=" ">
    <subfield code="a">n  80028211 </subfield>
  </datafield>
  <datafield tag="035" ind1=" " ind2=" ">
    <subfield code="a">(OCoLC)oca00410465</subfield>
  </datafield>
  <datafield tag="040" ind1=" " ind2=" ">
    <subfield code="a">DLC</subfield>
    <subfield code="b">eng</subfield>
    <subfield code="e">rda</subfield>
    <subfield code="c">DLC</subfield>
    <subfield code="d">DLC</subfield>
    <subfield code="d">DLC-R</subfield>
    <subfield code="d">OCoLC</subfield>
    <subfield code="d">DLC-R</subfield>
    <subfield code="d">OCoLC</subfield>
    <subfield code="d">HkUST</subfield>
    <subfield code="d">OCoLC</subfield>
    <subfield code="d">HkUST</subfield>
    <subfield code="d">UPB</subfield>
    <subfield code="d">InU</subfield>
    <subfield code="d">MH</subfield>
  </datafield>
  <datafield tag="046" ind1=" " ind2=" ">
    <subfield code="f">1550</subfield>
    <subfield code="g">1616</subfield>
  </datafield>
  <datafield tag="053" ind1=" " ind2="0">
    <subfield code="a">PL2695</subfield>
  </datafield>
  <datafield tag="100" ind1="1" ind2=" ">
    <subfield code="a">Tang, Xianzu,</subfield>
    <subfield code="d">1550-1616</subfield>
  </datafield>
  <datafield tag="370" ind1=" " ind2=" ">
    <subfield code="c">China</subfield>
  </datafield>
  <datafield tag="375" ind1=" " ind2=" ">
    <subfield code="a">male</subfield>
  </datafield>
  <datafield tag="377" ind1=" " ind2=" ">
    <subfield code="a">chi</subfield>
  </datafield>
  <datafield tag="400" ind1="1" ind2=" ">
    <subfield code="w">nne</subfield>
    <subfield code="a">Tʻang, Hsien-tsu,</subfield>
    <subfield code="d">1550-1616</subfield>
  </datafield>
  <datafield tag="400" ind1="1" ind2=" ">
    <subfield code="a">Tō, Kenso,</subfield>
    <subfield code="d">1550-1616</subfield>
  </datafield>
  <datafield tag="400" ind1="1" ind2=" ">
    <subfield code="a">湯顯祖,</subfield>
    <subfield code="d">1550-1616</subfield>
  </datafield>
  <datafield tag="400" ind1="1" ind2=" ">
    <subfield code="a">汤显祖,</subfield>
    <subfield code="d">1550-1616</subfield>
  </datafield>
  <datafield tag="400" ind1="1" ind2=" ">
    <subfield code="a">Tang, Hairuo,</subfield>
    <subfield code="d">1550-1616</subfield>
  </datafield>
  <datafield tag="400" ind1="1" ind2=" ">
    <subfield code="a">Tʻang, Hai-jo,</subfield>
    <subfield code="d">1550-1616</subfield>
  </datafield>
  <datafield tag="400" ind1="1" ind2=" ">
    <subfield code="a">湯海若,</subfield>
    <subfield code="d">1550-1616</subfield>
  </datafield>
  <datafield tag="400" ind1="1" ind2=" ">
    <subfield code="a">Tang, Linchuan,</subfield>
    <subfield code="d">1550-1616</subfield>
  </datafield>
  <datafield tag="400" ind1="1" ind2=" ">
    <subfield code="a">Tʻang, Lin-chʻuan,</subfield>
    <subfield code="d">1550-1616</subfield>
  </datafield>
  <datafield tag="400" ind1="1" ind2=" ">
    <subfield code="a">Tō, Rinsen,</subfield>
    <subfield code="d">1550-1616</subfield>
  </datafield>
  <datafield tag="400" ind1="1" ind2=" ">
    <subfield code="a">湯臨川,</subfield>
    <subfield code="d">1550-1616</subfield>
  </datafield>
  <datafield tag="400" ind1="1" ind2=" ">
    <subfield code="a">Tang, Ruoshi,</subfield>
    <subfield code="d">1550-1616</subfield>
  </datafield>
  <datafield tag="400" ind1="1" ind2=" ">
    <subfield code="a">Tʻang, Jo-shih,</subfield>
    <subfield code="d">1550-1616</subfield>
  </datafield>
  <datafield tag="400" ind1="1" ind2=" ">
    <subfield code="a">湯若士,</subfield>
    <subfield code="d">1550-1616</subfield>
  </datafield>
  <datafield tag="400" ind1="1" ind2=" ">
    <subfield code="a">Tang, Yireng,</subfield>
    <subfield code="d">1550-1616</subfield>
  </datafield>
  <datafield tag="400" ind1="1" ind2=" ">
    <subfield code="a">湯義仍,</subfield>
    <subfield code="d">1550-1616</subfield>
  </datafield>
  <datafield tag="400" ind1="0" ind2=" ">
    <subfield code="a">Yumingtang,</subfield>
    <subfield code="d">1550-1616</subfield>
  </datafield>
  <datafield tag="400" ind1="0" ind2=" ">
    <subfield code="a">Yü-ming-tʻang,</subfield>
    <subfield code="d">1550-1616</subfield>
  </datafield>
  <datafield tag="400" ind1="0" ind2=" ">
    <subfield code="a">玉茗堂,</subfield>
    <subfield code="d">1550-1616</subfield>
  </datafield>
  <datafield tag="667" ind1=" " ind2=" ">
    <subfield code="a">Machine-derived non-Latin script reference project.</subfield>
  </datafield>
  <datafield tag="667" ind1=" " ind2=" ">
    <subfield code="a">Non-Latin script references not evaluated.</subfield>
  </datafield>
  <datafield tag="667" ind1=" " ind2=" ">
    <subfield code="a">Non-Latin script references reviewed in NACO CJK Funnel References Project.</subfield>
  </datafield>
  <datafield tag="670" ind1=" " ind2=" ">
    <subfield code="a">His Mu tan tʻing, 1958.</subfield>
  </datafield>
  <datafield tag="670" ind1=" " ind2=" ">
    <subfield code="a">His Kankonki. Kankyūshū, 1921 (1922 printing):</subfield>
    <subfield code="b">1st prelim. p. (湯顯祖 = Tō Kenso; 湯臨川 = Tō Rinsen [Chinese reading: Tʻang Lin-chʻuan])</subfield>
  </datafield>
  <datafield tag="670" ind1=" " ind2=" ">
    <subfield code="a">His Yü-ming-tʻang chʻih tu, 1991?:</subfield>
    <subfield code="b">t.p. (author 湯顯祖 = Tʻang Hsien-tsu)</subfield>
  </datafield>
  <datafield tag="670" ind1=" " ind2=" ">
    <subfield code="a">Chung-kuo wen hsüeh chia ta tzʻu tien, 1981:</subfield>
    <subfield code="b">p. 1189 (湯顯祖 = Tʻang Hsien-tsu; studio&apos;s name 玉茗堂 = Yü-ming-tʻang; t. 海若 = Hai-jo; t. 若士 = Jo-shih; t. 義仍 = I-jeng ; native of Lin-chʻuan)</subfield>
  </datafield>
  <datafield tag="670" ind1=" " ind2=" ">
    <subfield code="a">Min Shin gikyoku engeki shiron josetsu, 2001:</subfield>
    <subfield code="b">t.p. (湯顯祖 = Tō Kenso [jpn r.]; in subtitle)</subfield>
  </datafield>
  <datafield tag="670" ind1=" " ind2=" ">
    <subfield code="a">Dream in peony pavilion, 2012:</subfield>
    <subfield code="b">title page (汤显祖 = Tang Xianzu)</subfield>
  </datafield>
  <datafield tag="670" ind1=" " ind2=" ">
    <subfield code="a">OCLC #28387006, November 20, 2019</subfield>
    <subfield code="b">(access point: 湯顯祖, 1550-1616 = Tang, Xianzu, 1550-1616; usage: 湯顯祖 = Tang Xianzu)</subfield>
  </datafield>
  <datafield tag="952" ind1=" " ind2=" ">
    <subfield code="a">RETRO</subfield>
  </datafield>
  <datafield tag="953" ind1=" " ind2=" ">
    <subfield code="a">xx00</subfield>
    <subfield code="b">eg03</subfield>
  </datafield>
</record>