
<record>
  <leader>01691cz  a2200229n  4500</leader>
  <controlfield tag="001">1910145</controlfield>
  <controlfield tag="003">DLC</controlfield>
  <controlfield tag="005">20200104073409.0</controlfield>
  <controlfield tag="008">800915n| azannaabn          |n aaa      </controlfield>
  <datafield tag="010" ind1=" " ind2=" ">
    <subfield code="a">n  80117241 </subfield>
  </datafield>
  <datafield tag="035" ind1=" " ind2=" ">
    <subfield code="a">(OCoLC)oca00497877</subfield>
  </datafield>
  <datafield tag="040" ind1=" " ind2=" ">
    <subfield code="a">DLC</subfield>
    <subfield code="b">eng</subfield>
    <subfield code="e">rda</subfield>
    <subfield code="c">DLC</subfield>
    <subfield code="d">DLC</subfield>
    <subfield code="d">OU</subfield>
  </datafield>
  <datafield tag="046" ind1=" " ind2=" ">
    <subfield code="f">1901-07-07</subfield>
    <subfield code="g">1978-07-22</subfield>
    <subfield code="2">edtf</subfield>
  </datafield>
  <datafield tag="100" ind1="1" ind2=" ">
    <subfield code="a">Blume, Bernhard,</subfield>
    <subfield code="d">1901-1978</subfield>
  </datafield>
  <datafield tag="370" ind1=" " ind2=" ">
    <subfield code="a">Stuttgart (Germany)</subfield>
    <subfield code="b">La Jolla (San Diego, Calif.)</subfield>
    <subfield code="2">naf</subfield>
  </datafield>
  <datafield tag="374" ind1=" " ind2=" ">
    <subfield code="a">Germanists</subfield>
    <subfield code="a">College teachers</subfield>
    <subfield code="a">Authors</subfield>
    <subfield code="2">lcsh</subfield>
  </datafield>
  <datafield tag="375" ind1=" " ind2=" ">
    <subfield code="a">Males</subfield>
    <subfield code="2">lcdgt</subfield>
  </datafield>
  <datafield tag="670" ind1=" " ind2=" ">
    <subfield code="a">His Treibjagd, 1928.</subfield>
  </datafield>
  <datafield tag="670" ind1=" " ind2=" ">
    <subfield code="a">Information from 678 converted Dec. 18, 2014</subfield>
    <subfield code="b">(d. 1978)</subfield>
  </datafield>
  <datafield tag="670" ind1=" " ind2=" ">
    <subfield code="a">Wikidata via Wikipedia, January 3, 2020</subfield>
    <subfield code="b">(alias: Bernhard Blume; instance of: human; sex or gender: male; country of citizenship: Weimar Republic, United States of America; given name: Bernhard; date of birth: +1901-07-07T00:00:00Z; surname: Blume; place of birth: Stuttgart; date of death: +1978-07-22T00:00:00Z; place of death: La Jolla; languages spoken or published: German, English, French; occupation: germanist, university teacher, writer; employer: Mills College, Ohio State University, Harvard University, University of California, San Diego; educated at: Ludwig Maximilian University of Munich, University of Tübingen, Humboldt University of Berlin, University of Stuttgart; academic degree: doctorate; VIAF identifier: 10292249; GND identifier: 118664107; LCAuth identifier: n80117241; ISNI (P213): 000000006674920X; FAST-ID: 60612; description/label: deutscher Germanist; in die USA emigriert, German American philologist and writer, schrijver uit Weimarrepubliek )</subfield>
    <subfield code="u">http://www.wikidata.org/entity/Q55411305</subfield>
  </datafield>
  <datafield tag="952" ind1=" " ind2=" ">
    <subfield code="a">RETRO</subfield>
  </datafield>
  <datafield tag="953" ind1=" " ind2=" ">
    <subfield code="a">xx00</subfield>
  </datafield>
</record>