
<record>
  <leader>01378cz  a2200361n  4500</leader>
  <controlfield tag="001">1918961</controlfield>
  <controlfield tag="003">DLC</controlfield>
  <controlfield tag="005">20200104073407.0</controlfield>
  <controlfield tag="008">810805nc azannaabn          |b aaa      </controlfield>
  <datafield tag="010" ind1=" " ind2=" ">
    <subfield code="a">n  81042241 </subfield>
  </datafield>
  <datafield tag="035" ind1=" " ind2=" ">
    <subfield code="a">(OCoLC)oca00587834</subfield>
  </datafield>
  <datafield tag="040" ind1=" " ind2=" ">
    <subfield code="a">DLC</subfield>
    <subfield code="b">eng</subfield>
    <subfield code="c">DLC</subfield>
    <subfield code="d">OCoLC</subfield>
    <subfield code="d">IEN</subfield>
    <subfield code="e">rda</subfield>
    <subfield code="d">HkUST</subfield>
    <subfield code="d">MH</subfield>
  </datafield>
  <datafield tag="046" ind1=" " ind2=" ">
    <subfield code="f">1901</subfield>
    <subfield code="g">1991</subfield>
  </datafield>
  <datafield tag="100" ind1="1" ind2=" ">
    <subfield code="a">Tan, Zhengbi</subfield>
  </datafield>
  <datafield tag="370" ind1=" " ind2=" ">
    <subfield code="a">Shanghai, China</subfield>
  </datafield>
  <datafield tag="374" ind1=" " ind2=" ">
    <subfield code="a">Historian of literature</subfield>
  </datafield>
  <datafield tag="375" ind1=" " ind2=" ">
    <subfield code="a">male</subfield>
  </datafield>
  <datafield tag="377" ind1=" " ind2=" ">
    <subfield code="a">chi</subfield>
  </datafield>
  <datafield tag="400" ind1="1" ind2=" ">
    <subfield code="w">nne</subfield>
    <subfield code="a">Tʻan, Cheng-pi</subfield>
  </datafield>
  <datafield tag="400" ind1="1" ind2=" ">
    <subfield code="a">譚正璧</subfield>
  </datafield>
  <datafield tag="400" ind1="1" ind2=" ">
    <subfield code="a">谭正璧</subfield>
  </datafield>
  <datafield tag="400" ind1="1" ind2=" ">
    <subfield code="a">Tan, Jiading</subfield>
  </datafield>
  <datafield tag="400" ind1="1" ind2=" ">
    <subfield code="a">Tʻan, Chia-ting</subfield>
  </datafield>
  <datafield tag="400" ind1="1" ind2=" ">
    <subfield code="a">谭嘉定</subfield>
  </datafield>
  <datafield tag="667" ind1=" " ind2=" ">
    <subfield code="a">Machine-derived non-Latin script reference project.</subfield>
  </datafield>
  <datafield tag="667" ind1=" " ind2=" ">
    <subfield code="a">Non-Latin script references not evaluated.</subfield>
  </datafield>
  <datafield tag="667" ind1=" " ind2=" ">
    <subfield code="a">Non-Latin script references reviewed in NACO CJK Funnel References Project.</subfield>
  </datafield>
  <datafield tag="670" ind1=" " ind2=" ">
    <subfield code="a">Author&apos;s Chung-kuo wên hsüeh chin hua shih, 1929.</subfield>
  </datafield>
  <datafield tag="670" ind1=" " ind2=" ">
    <subfield code="a">Info. converted from 678, 2012-10-02</subfield>
    <subfield code="b">(b. 1904)</subfield>
  </datafield>
  <datafield tag="670" ind1=" " ind2=" ">
    <subfield code="a">Ai ru sheng lun tan WWW site, Mar. 21, 2013</subfield>
    <subfield code="b">(谭正璧 = Tan Zhengbi; 1901-1991; historian of literature; pen names: 谭雯 = Tan Wen, 赵璧 = Zhao Bi, 谭嘉定 = Tan Jiading, etc.; native of Shanghai Jiading; b. in Shanghai)</subfield>
  </datafield>
  <datafield tag="670" ind1=" " ind2=" ">
    <subfield code="a">OCLC #23335977, November 8, 2019</subfield>
    <subfield code="b">(access point: 谭正璧 = Tan, Zhengbi; usage: 谭正璧 = Tan Zhengbi  )</subfield>
  </datafield>
  <datafield tag="952" ind1=" " ind2=" ">
    <subfield code="a">RETRO</subfield>
  </datafield>
  <datafield tag="953" ind1=" " ind2=" ">
    <subfield code="a">xx00</subfield>
  </datafield>
</record>