
<record>
  <leader>01966cz  a2200421n  4500</leader>
  <controlfield tag="001">1927523</controlfield>
  <controlfield tag="003">DLC</controlfield>
  <controlfield tag="005">20200104073413.0</controlfield>
  <controlfield tag="008">820104nc azannaabn          |b aaa      </controlfield>
  <datafield tag="010" ind1=" " ind2=" ">
    <subfield code="a">n  81129641 </subfield>
  </datafield>
  <datafield tag="035" ind1=" " ind2=" ">
    <subfield code="a">(OCoLC)oca00674534</subfield>
  </datafield>
  <datafield tag="040" ind1=" " ind2=" ">
    <subfield code="a">DLC</subfield>
    <subfield code="b">eng</subfield>
    <subfield code="e">rda</subfield>
    <subfield code="c">DLC</subfield>
    <subfield code="d">OCoLC</subfield>
    <subfield code="d">WaBeW</subfield>
    <subfield code="d">OCoLC</subfield>
    <subfield code="d">HkUST</subfield>
    <subfield code="d">DLC</subfield>
    <subfield code="d">MH</subfield>
  </datafield>
  <datafield tag="046" ind1=" " ind2=" ">
    <subfield code="s">11</subfield>
  </datafield>
  <datafield tag="100" ind1="1" ind2=" ">
    <subfield code="a">Tang, Zhongyou,</subfield>
    <subfield code="d">active 12th century</subfield>
  </datafield>
  <datafield tag="400" ind1="0" ind2=" ">
    <subfield code="a">Shuozhai xian sheng,</subfield>
    <subfield code="d">active 12th century</subfield>
  </datafield>
  <datafield tag="400" ind1="1" ind2=" ">
    <subfield code="w">nnea</subfield>
    <subfield code="a">Tʻang, Chung-yu,</subfield>
    <subfield code="d">12th cent.</subfield>
  </datafield>
  <datafield tag="400" ind1="1" ind2=" ">
    <subfield code="a">Tʻang, Shuo-chai,</subfield>
    <subfield code="d">active 12th century</subfield>
  </datafield>
  <datafield tag="400" ind1="1" ind2=" ">
    <subfield code="a">Tang, Shuozhai,</subfield>
    <subfield code="d">active 12th century</subfield>
  </datafield>
  <datafield tag="400" ind1="1" ind2=" ">
    <subfield code="a">Tʻang, Yü-cheng,</subfield>
    <subfield code="d">active 12th century</subfield>
  </datafield>
  <datafield tag="400" ind1="1" ind2=" ">
    <subfield code="a">Tang, Yuezhai,</subfield>
    <subfield code="d">active 12th century</subfield>
  </datafield>
  <datafield tag="400" ind1="1" ind2=" ">
    <subfield code="a">Tang, Yuzheng,</subfield>
    <subfield code="d">active 12th century</subfield>
  </datafield>
  <datafield tag="400" ind1="1" ind2=" ">
    <subfield code="w">nnea</subfield>
    <subfield code="a">Tang, Zhongyou,</subfield>
    <subfield code="d">12th cent.</subfield>
  </datafield>
  <datafield tag="400" ind1="0" ind2=" ">
    <subfield code="a">Yuezhai xian sheng,</subfield>
    <subfield code="d">active 12th century</subfield>
  </datafield>
  <datafield tag="400" ind1="1" ind2=" ">
    <subfield code="a">唐与政,</subfield>
    <subfield code="d">active 12th century</subfield>
  </datafield>
  <datafield tag="400" ind1="1" ind2=" ">
    <subfield code="a">唐仲友,</subfield>
    <subfield code="d">active 12th century</subfield>
  </datafield>
  <datafield tag="400" ind1="1" ind2=" ">
    <subfield code="a">唐悦齋,</subfield>
    <subfield code="d">active 12th century</subfield>
  </datafield>
  <datafield tag="400" ind1="1" ind2=" ">
    <subfield code="a">唐說齋,</subfield>
    <subfield code="d">active 12th century</subfield>
  </datafield>
  <datafield tag="400" ind1="0" ind2=" ">
    <subfield code="a">悦斋先生,</subfield>
    <subfield code="d">active 12th century</subfield>
  </datafield>
  <datafield tag="400" ind1="0" ind2=" ">
    <subfield code="a">说斋先生,</subfield>
    <subfield code="d">active 12th century</subfield>
  </datafield>
  <datafield tag="667" ind1=" " ind2=" ">
    <subfield code="a">Machine-derived non-Latin script reference project.</subfield>
  </datafield>
  <datafield tag="667" ind1=" " ind2=" ">
    <subfield code="a">Non-Latin script references not evaluated.</subfield>
  </datafield>
  <datafield tag="667" ind1=" " ind2=" ">
    <subfield code="a">Non-Latin script references reviewed in NACO CJK Funnel References Project.</subfield>
  </datafield>
  <datafield tag="670" ind1=" " ind2=" ">
    <subfield code="a">Author&apos;s Ti wang ching shih tʻu pʻu, 1975.</subfield>
  </datafield>
  <datafield tag="670" ind1=" " ind2=" ">
    <subfield code="a">Chou, H. W. Shuo-chai hsüeh shu, 1980:</subfield>
    <subfield code="b">p. 4 (唐仲友 = Tʻang Chung-yu; h. 說齋 = Shuo-chai; b. 1136; d. 1188)</subfield>
  </datafield>
  <datafield tag="670" ind1=" " ind2=" ">
    <subfield code="a">Zhong wen bai ke zai xian WWW site, May 16, 2011</subfield>
    <subfield code="b">(唐仲友 = Tang Zhongyou; 1136-1188; zi: 与政 = Yuzheng; called: 说斋先生 = Shuozhai xian sheng, 悦斋先生 = Yuezhai xian sheng)</subfield>
  </datafield>
  <datafield tag="670" ind1=" " ind2=" ">
    <subfield code="a">OCLC #26032045, November 20, 2019</subfield>
    <subfield code="b">(access point: 唐仲友, active 12th century = Tang, Zhongyou, active 12th century; usage: 唐仲友 = Tang Zhongyou)</subfield>
  </datafield>
  <datafield tag="952" ind1=" " ind2=" ">
    <subfield code="a">RETRO</subfield>
  </datafield>
  <datafield tag="953" ind1=" " ind2=" ">
    <subfield code="a">xx00</subfield>
  </datafield>
</record>