
<record>
  <leader>04061cz  a2200421n  4500</leader>
  <controlfield tag="001">1938938</controlfield>
  <controlfield tag="003">DLC</controlfield>
  <controlfield tag="005">20200104073418.0</controlfield>
  <controlfield tag="008">820927n| azannaabn          |a ana      </controlfield>
  <datafield tag="010" ind1=" " ind2=" ">
    <subfield code="a">n  82093731 </subfield>
    <subfield code="z">n  84232369 </subfield>
  </datafield>
  <datafield tag="035" ind1=" " ind2=" ">
    <subfield code="a">(OCoLC)oca00790352</subfield>
  </datafield>
  <datafield tag="040" ind1=" " ind2=" ">
    <subfield code="a">DLC</subfield>
    <subfield code="b">eng</subfield>
    <subfield code="e">rda</subfield>
    <subfield code="c">DLC</subfield>
    <subfield code="d">OCoLC</subfield>
    <subfield code="d">ICU</subfield>
    <subfield code="d">DLC</subfield>
    <subfield code="d">ICU</subfield>
  </datafield>
  <datafield tag="046" ind1=" " ind2=" ">
    <subfield code="s">1914</subfield>
    <subfield code="t">1919</subfield>
    <subfield code="2">edtf</subfield>
  </datafield>
  <datafield tag="110" ind1="2" ind2=" ">
    <subfield code="a">České národní sdružení</subfield>
  </datafield>
  <datafield tag="368" ind1=" " ind2=" ">
    <subfield code="a">Associations, institutions, etc.</subfield>
    <subfield code="a">Czech Americans--Societies, etc.</subfield>
    <subfield code="2">lcsh</subfield>
  </datafield>
  <datafield tag="370" ind1=" " ind2=" ">
    <subfield code="e">Chicago (Ill.)</subfield>
    <subfield code="2">naf</subfield>
  </datafield>
  <datafield tag="410" ind1="2" ind2=" ">
    <subfield code="a">České národní sdružení v Americe</subfield>
  </datafield>
  <datafield tag="410" ind1="2" ind2=" ">
    <subfield code="a">Čes. nár. sdružení</subfield>
  </datafield>
  <datafield tag="410" ind1="2" ind2=" ">
    <subfield code="a">Č.N. sdružení</subfield>
  </datafield>
  <datafield tag="410" ind1="2" ind2=" ">
    <subfield code="a">ČNS</subfield>
  </datafield>
  <datafield tag="410" ind1="2" ind2=" ">
    <subfield code="a">Bohemian National Alliance</subfield>
  </datafield>
  <datafield tag="410" ind1="2" ind2=" ">
    <subfield code="a">Bohemian National Alliance of America</subfield>
  </datafield>
  <datafield tag="410" ind1="2" ind2=" ">
    <subfield code="a">Bohemian (Czech) National Alliance of America</subfield>
  </datafield>
  <datafield tag="410" ind1="2" ind2=" ">
    <subfield code="a">Czech National Alliance</subfield>
  </datafield>
  <datafield tag="410" ind1="2" ind2=" ">
    <subfield code="a">Czech National Alliance of America</subfield>
  </datafield>
  <datafield tag="670" ind1=" " ind2=" ">
    <subfield code="a">Horký, K. Horkého Národní kalendář, 1917, surrogate:</subfield>
    <subfield code="b">t.p. (... Českého národního sdružení)</subfield>
  </datafield>
  <datafield tag="670" ind1=" " ind2=" ">
    <subfield code="a">Stanovy Českého Národního Sdružení v Americe, přijaté na sjezdu konaném 18. a 19. dubna 1939 v Chicagu, Illinois, 1939.</subfield>
  </datafield>
  <datafield tag="670" ind1=" " ind2=" ">
    <subfield code="a">Chýle, Oldřich. Symbol československé svobody, 1940:</subfield>
    <subfield code="b">colophon (České národní sdružení v Americe, 4047-49 W. 26th Street, Chicago, Illinois)</subfield>
  </datafield>
  <datafield tag="670" ind1=" " ind2=" ">
    <subfield code="a">Majdová, H. Úloha významných osobností československého zahraničního odboje působících v USA v letech 1914-1918, 2010 (http://is.muni.cz/th/185726/pedf_m/diplomova_prace_-_Hana_Majdova.txt viewed 23 July 2013):</subfield>
    <subfield code="b">(Společná schůze Česko-americké národní rady, Česko-americké tiskové kanceláře a Česko-Slovanského pomocného výboru, dala vznik dne 2. září 1914 celoamerické organizaci, s názvem &quot;České národní sdružení v Americe&quot; (ČNS))</subfield>
  </datafield>
  <datafield tag="670" ind1=" " ind2=" ">
    <subfield code="a">Kovtun, G. The Czechs in America (http://www.loc.gov/rr/european/imcz/ndl.html viewed 23 July 2013):</subfield>
    <subfield code="b">(1938  In the period of tension between Czechoslovakia and Nazi Germany, culminating in the Munich Agreement, the Czech National Alliance was reactivated and a Slovak National Alliance was established in the United States. In two years the Czech National Alliance had 213 chapters, with more than 30,000 members.)</subfield>
  </datafield>
  <datafield tag="670" ind1=" " ind2=" ">
    <subfield code="a">Wikipedia (viewed 23 July 2013):</subfield>
    <subfield code="b">(The Bohemian National Alliance (Czech: Česko-Národní Sdružení) was an American political party founded in Chicago, Illinois on September 6, 1914. The party represented Czech American voters who supported the creation of Czechoslovakia as a state independent of Austria-Hungary. The party was disestablished in 1918 after Czechoslovakia became an independent nation. The Bohemian National Alliance published a newspaper titled the Czechoslovak Review (originally the Bohemian Review) from 1916 until 1924)</subfield>
  </datafield>
  <datafield tag="670" ind1=" " ind2=" ">
    <subfield code="a">Cojeco.cz WWW site, January 24, 2018:</subfield>
    <subfield code="b">České národní sdružení page (České národní sdružení; an association of Czech immigrants in the United States; established 1914 in Chicago; financially supported Masaryk&apos;s movement for Czech independence and organized propaganda against the Central Powers during World War I; in 1915, united with the Slovenská liga in the Cleveland Agreement for common support for an independent Czechoslovak state)</subfield>
  </datafield>
  <datafield tag="670" ind1=" " ind2=" ">
    <subfield code="a">Bohemian review, Feb. 1917:</subfield>
    <subfield code="b">t.p. (Bohemian National Alliance of America); p. 1 (Bohemian (Czech) National Alliance of America)</subfield>
  </datafield>
  <datafield tag="670" ind1=" " ind2=" ">
    <subfield code="a">Památník Českého národního sdružení v Clevelandu, O., 1920 or 1921:</subfield>
    <subfield code="b">page 16 (Čes. nár. sdružení; Č.N. sdružení) page 51 (ČNS)</subfield>
  </datafield>
  <datafield tag="670" ind1=" " ind2=" ">
    <subfield code="a">The Czechoslovak review, Volume 3, Number 12, 1919:</subfield>
    <subfield code="b">page 395 (Bohemian National Alliance of America changed its name to Czechoslovak National Alliance at a meeting held in Chicago, 15-16 November 1919)</subfield>
  </datafield>
  <datafield tag="670" ind1=" " ind2=" ">
    <subfield code="a">They Chose Minnesota, 1981:</subfield>
    <subfield code="b">page 347 (Czech National Alliance was reactivated in May, 1938)</subfield>
  </datafield>
  <datafield tag="952" ind1=" " ind2=" ">
    <subfield code="a">RETRO</subfield>
  </datafield>
  <datafield tag="953" ind1=" " ind2=" ">
    <subfield code="a">xx00</subfield>
  </datafield>
</record>