
<record>
  <leader>01862cz  a2200337n  4500</leader>
  <controlfield tag="001">1945802</controlfield>
  <controlfield tag="003">DLC</controlfield>
  <controlfield tag="005">20200104073419.0</controlfield>
  <controlfield tag="008">830822n| azannaabn          |a aaa      </controlfield>
  <datafield tag="010" ind1=" " ind2=" ">
    <subfield code="a">n  82164061 </subfield>
  </datafield>
  <datafield tag="035" ind1=" " ind2=" ">
    <subfield code="a">(OCoLC)oca00859956</subfield>
  </datafield>
  <datafield tag="040" ind1=" " ind2=" ">
    <subfield code="a">DLC</subfield>
    <subfield code="b">eng</subfield>
    <subfield code="e">rda</subfield>
    <subfield code="c">DLC</subfield>
    <subfield code="d">DLC</subfield>
    <subfield code="d">OU</subfield>
  </datafield>
  <datafield tag="046" ind1=" " ind2=" ">
    <subfield code="f">1906</subfield>
    <subfield code="g">1987</subfield>
    <subfield code="2">edtf</subfield>
  </datafield>
  <datafield tag="100" ind1="1" ind2=" ">
    <subfield code="a">Kollmann, Franz,</subfield>
    <subfield code="d">1906-1987</subfield>
  </datafield>
  <datafield tag="372" ind1=" " ind2=" ">
    <subfield code="a">Wood</subfield>
    <subfield code="2">lcsh</subfield>
  </datafield>
  <datafield tag="374" ind1=" " ind2=" ">
    <subfield code="a">Authors</subfield>
    <subfield code="2">lcsh</subfield>
  </datafield>
  <datafield tag="375" ind1=" " ind2=" ">
    <subfield code="a">Males</subfield>
    <subfield code="2">lcdgt</subfield>
  </datafield>
  <datafield tag="378" ind1=" " ind2=" ">
    <subfield code="q">Franz Friedrich Paul</subfield>
  </datafield>
  <datafield tag="400" ind1="1" ind2=" ">
    <subfield code="a">Kollmann, F. F. P.</subfield>
    <subfield code="q">(Franz Friedrich Paul),</subfield>
    <subfield code="d">1906-1987</subfield>
  </datafield>
  <datafield tag="400" ind1="1" ind2=" ">
    <subfield code="a">Kollmann, F.</subfield>
    <subfield code="q">(Franz),</subfield>
    <subfield code="d">1906-1987</subfield>
  </datafield>
  <datafield tag="400" ind1="1" ind2=" ">
    <subfield code="a">Kollmann, Franz F. P.</subfield>
    <subfield code="q">(Franz Friedrich Paul),</subfield>
    <subfield code="d">1906-1987</subfield>
  </datafield>
  <datafield tag="400" ind1="1" ind2=" ">
    <subfield code="w">nnea</subfield>
    <subfield code="a">Kollmann, Franz Friedrich Paul,</subfield>
    <subfield code="d">1906-</subfield>
  </datafield>
  <datafield tag="400" ind1="1" ind2=" ">
    <subfield code="a">Kollmann, Franz Friedrich Paul,</subfield>
    <subfield code="d">1906-1987</subfield>
  </datafield>
  <datafield tag="670" ind1=" " ind2=" ">
    <subfield code="a">Technologie des Holzes, 1936:</subfield>
    <subfield code="b">title page (F. Kollmann)</subfield>
  </datafield>
  <datafield tag="670" ind1=" " ind2=" ">
    <subfield code="a">His Summary of the report to the government of Turkey on sawmilling in northern Turkey, 1963:</subfield>
    <subfield code="b">t.p. (F.F.P. Kollmann)</subfield>
  </datafield>
  <datafield tag="670" ind1=" " ind2=" ">
    <subfield code="a">Holzspanwerkstoffe, Holzspanplatten und Holzspanformlinge, 1966:</subfield>
    <subfield code="b">title page (Franz Kollmann)</subfield>
  </datafield>
  <datafield tag="670" ind1=" " ind2=" ">
    <subfield code="a">Principles of wood science and technology, 1968:</subfield>
    <subfield code="b">title page (Franz F.P. Kollmann)</subfield>
  </datafield>
  <datafield tag="670" ind1=" " ind2=" ">
    <subfield code="a">Centrum NUKAT Biblioteki Uniwersyteckiej w Warszawie via VIAF, Jan. 3, 2020</subfield>
    <subfield code="b">(identifier: 27855855, http://isni.org/isni/0000000109619545; preferred: Kollmann, Franz (1906-1987).; variant: Kollmann, F.; Kollmann, F. F. P.; Kollmann, Franz Friedrich Paul.)</subfield>
    <subfield code="u">http://www.viaf.org/processed/NUKAT%7Cn%202006115456</subfield>
  </datafield>
  <datafield tag="670" ind1=" " ind2=" ">
    <subfield code="a">Deutsche Nationalbibliothek via VIAF, Jan. 3, 2020</subfield>
    <subfield code="b">(identifier: http://d-nb.info/gnd/117714402; GAC: XA-DE; preferred: Kollmann, Franz 1906-1987; gender: 1; variant: Kollmann, Franz F.; Kollmann, Franz F. P.; Kollmann, Franz Friedrich Paul)</subfield>
    <subfield code="u">http://www.viaf.org/processed/DNB%7C117714402</subfield>
  </datafield>
  <datafield tag="952" ind1=" " ind2=" ">
    <subfield code="a">RETRO</subfield>
  </datafield>
  <datafield tag="953" ind1=" " ind2=" ">
    <subfield code="a">xx00</subfield>
    <subfield code="b">ea12</subfield>
  </datafield>
</record>