
<record>
  <leader>02151cz  a2200265n  4500</leader>
  <controlfield tag="001">1968959</controlfield>
  <controlfield tag="003">DLC</controlfield>
  <controlfield tag="005">20200104073501.0</controlfield>
  <controlfield tag="008">831222n| azannaabn          |a aaa     c</controlfield>
  <datafield tag="010" ind1=" " ind2=" ">
    <subfield code="a">n  83827981 </subfield>
  </datafield>
  <datafield tag="035" ind1=" " ind2=" ">
    <subfield code="a">(OCoLC)oca01057080</subfield>
  </datafield>
  <datafield tag="040" ind1=" " ind2=" ">
    <subfield code="a">ICU</subfield>
    <subfield code="b">eng</subfield>
    <subfield code="e">rda</subfield>
    <subfield code="c">ICU</subfield>
    <subfield code="d">ICU</subfield>
    <subfield code="d">OU</subfield>
  </datafield>
  <datafield tag="046" ind1=" " ind2=" ">
    <subfield code="f">1903-10-03</subfield>
    <subfield code="g">1992-07-15</subfield>
    <subfield code="2">edtf</subfield>
  </datafield>
  <datafield tag="100" ind1="1" ind2=" ">
    <subfield code="a">Strutt, Max J. O.</subfield>
    <subfield code="q">(Maximilian Julius Otto),</subfield>
    <subfield code="d">1903-1992</subfield>
  </datafield>
  <datafield tag="370" ind1=" " ind2=" ">
    <subfield code="a">Surakarta (Indonesia)</subfield>
    <subfield code="b">Rüschlikon (Switzerland)</subfield>
    <subfield code="c">Netherlands</subfield>
    <subfield code="2">naf</subfield>
  </datafield>
  <datafield tag="374" ind1=" " ind2=" ">
    <subfield code="a">Electrical engineers</subfield>
    <subfield code="a">College teachers</subfield>
    <subfield code="2">lcsh</subfield>
  </datafield>
  <datafield tag="375" ind1=" " ind2=" ">
    <subfield code="a">Males</subfield>
    <subfield code="2">lcdgt</subfield>
  </datafield>
  <datafield tag="378" ind1=" " ind2=" ">
    <subfield code="q">Maximilian Julius Otto</subfield>
  </datafield>
  <datafield tag="400" ind1="1" ind2=" ">
    <subfield code="a">Strutt, M. J. O.</subfield>
    <subfield code="q">(Maximilian Julius Otto),</subfield>
    <subfield code="d">1903-1992</subfield>
  </datafield>
  <datafield tag="400" ind1="1" ind2=" ">
    <subfield code="w">nnaa</subfield>
    <subfield code="a">Strutt, Maximilian Julius Otto,</subfield>
    <subfield code="d">1903-</subfield>
  </datafield>
  <datafield tag="400" ind1="1" ind2=" ">
    <subfield code="a">Strutt, Maximilian Julius Otto,</subfield>
    <subfield code="d">1903-1992</subfield>
  </datafield>
  <datafield tag="670" ind1=" " ind2=" ">
    <subfield code="a">LCCN 65-26399: His Semiconductor devices, 1966-</subfield>
    <subfield code="b">(hdg.: Strutt, Maximilian Julius Otto, 1903- ; usage: Max J.O. Strutt)</subfield>
  </datafield>
  <datafield tag="670" ind1=" " ind2=" ">
    <subfield code="a">LCCN 41-9712: His Moderne mehrgitter-elektronenröhren, 1940</subfield>
    <subfield code="b">(hdg.: Strutt, Maximilian Julius Otto, 1903- ; usage: M.J.O. Strutt)</subfield>
  </datafield>
  <datafield tag="670" ind1=" " ind2=" ">
    <subfield code="a">Wikidata via Wikipedia, January 3, 2020</subfield>
    <subfield code="b">(alias: Max J. O. Strutt, Max Strutt, Maximilian J. O. Strutt, Maximilian Julius Otto Strutt; sex or gender: male; LCAuth identifier: n83827981; VIAF identifier: 44285565; GND identifier: 118183966; ISNI (P213): 0000000108925452; place of birth: Indonesia; place of death: Rüschlikon; country of citizenship: Kingdom of the Netherlands; instance of: human; date of birth: +1903-10-03T00:00:00Z; date of death: +1992-07-15T00:00:00Z; given name: Max; occupation: electrical engineer, university teacher; zbMATH author ID: strutt.maximilian-j-o; Mathematics Genealogy Project identifier: 56460; award received: Carl Friedrich Gauss Medal; SHARE Catalogue author ID (P3987): 1957; SELIBR: 307537; Libris-URI (P5587): pm148lx70wdws2p; CONOR identifier: 162256483; SUDOC authorities: 067070442; BnF identifier: 12388216g; BDEL ID (P6231): 77345; HDS: 031676; description/label: Dutch electrical engineer, Nederlands elektra-ingenieur , niederländischer Elektroingenieur)</subfield>
    <subfield code="u">http://www.wikidata.org/entity/Q966856</subfield>
  </datafield>
  <datafield tag="953" ind1=" " ind2=" ">
    <subfield code="a">bz51</subfield>
    <subfield code="b">bz51</subfield>
  </datafield>
</record>