
<record>
  <leader>01169cz  a2200289n  4500</leader>
  <controlfield tag="001">2011548</controlfield>
  <controlfield tag="003">DLC</controlfield>
  <controlfield tag="005">20200104073337.0</controlfield>
  <controlfield tag="008">870514n| azannaabn          |b aaa      </controlfield>
  <datafield tag="010" ind1=" " ind2=" ">
    <subfield code="a">n  85267321 </subfield>
  </datafield>
  <datafield tag="035" ind1=" " ind2=" ">
    <subfield code="a">(OCoLC)oca01854967</subfield>
  </datafield>
  <datafield tag="040" ind1=" " ind2=" ">
    <subfield code="a">DLC</subfield>
    <subfield code="b">eng</subfield>
    <subfield code="e">rda</subfield>
    <subfield code="c">DLC</subfield>
    <subfield code="d">DLC</subfield>
    <subfield code="d">TNJ</subfield>
    <subfield code="d">OCoLC</subfield>
    <subfield code="d">WU</subfield>
  </datafield>
  <datafield tag="053" ind1=" " ind2="0">
    <subfield code="a">PG3482.5.R22</subfield>
  </datafield>
  <datafield tag="100" ind1="1" ind2=" ">
    <subfield code="a">Karabchievskiĭ, I︠U︡.</subfield>
  </datafield>
  <datafield tag="374" ind1=" " ind2=" ">
    <subfield code="a">Authors, Russian</subfield>
    <subfield code="2">lcsh</subfield>
  </datafield>
  <datafield tag="375" ind1=" " ind2=" ">
    <subfield code="a">Males</subfield>
    <subfield code="2">lcdgt</subfield>
  </datafield>
  <datafield tag="377" ind1=" " ind2=" ">
    <subfield code="a">rus</subfield>
  </datafield>
  <datafield tag="400" ind1="1" ind2=" ">
    <subfield code="a">Karabtschijewski, Juri</subfield>
  </datafield>
  <datafield tag="400" ind1="1" ind2=" ">
    <subfield code="a">Karabchievski, I︠U︡riĭ</subfield>
  </datafield>
  <datafield tag="400" ind1="1" ind2=" ">
    <subfield code="a">Karabchievskiĭ, I︠U︡riĭ</subfield>
  </datafield>
  <datafield tag="400" ind1="1" ind2=" ">
    <subfield code="a">Карабчиевский, Ю.</subfield>
  </datafield>
  <datafield tag="667" ind1=" " ind2=" ">
    <subfield code="a">Machine-derived non-Latin script reference project.</subfield>
  </datafield>
  <datafield tag="667" ind1=" " ind2=" ">
    <subfield code="a">Non-Latin script reference not evaluated.</subfield>
  </datafield>
  <datafield tag="670" ind1=" " ind2=" ">
    <subfield code="a">Voskresenie Mai︠a︡kovskogo, 1985:</subfield>
    <subfield code="b">t.p. (I︠U︡. Karabchievskiĭ) verso t.p. (Juri Karabtschijewski)</subfield>
  </datafield>
  <datafield tag="670" ind1=" " ind2=" ">
    <subfield code="a">Ulit︠s︡a Mandelʹshtama, 1989:</subfield>
    <subfield code="b">t.p. (I︠U︡riĭ Karabchievskiĭ) t.p. verso (I︠U︡riĭ Karabchievski [in Cyr.])</subfield>
  </datafield>
  <datafield tag="670" ind1=" " ind2=" ">
    <subfield code="a">Voskresenie Mai︠a︡kovskogo, 2000:</subfield>
    <subfield code="b">t.p. (I︠U︡.A. Karabchievdkiĭ) colophon (Karabchievskiĭ I︠U︡riĭ Arkadʹevich)</subfield>
  </datafield>
  <datafield tag="953" ind1=" " ind2=" ">
    <subfield code="a">ee36</subfield>
    <subfield code="b">le28</subfield>
  </datafield>
</record>