
<record>
  <leader>02204cz  a2200469n  4500</leader>
  <controlfield tag="001">2064451</controlfield>
  <controlfield tag="003">DLC</controlfield>
  <controlfield tag="005">20200104073305.0</controlfield>
  <controlfield tag="008">880701nc azannaabn          |b aaa     c</controlfield>
  <datafield tag="010" ind1=" " ind2=" ">
    <subfield code="a">nr 88006051 </subfield>
  </datafield>
  <datafield tag="035" ind1=" " ind2=" ">
    <subfield code="a">(OCoLC)oca02314729</subfield>
  </datafield>
  <datafield tag="040" ind1=" " ind2=" ">
    <subfield code="a">MiU</subfield>
    <subfield code="b">eng</subfield>
    <subfield code="e">rda</subfield>
    <subfield code="c">MiU</subfield>
    <subfield code="d">OCoLC</subfield>
    <subfield code="d">DLC-R</subfield>
    <subfield code="d">DLC</subfield>
    <subfield code="d">HkUST</subfield>
    <subfield code="d">OCoLC</subfield>
    <subfield code="d">InU</subfield>
    <subfield code="d">MH</subfield>
  </datafield>
  <datafield tag="046" ind1=" " ind2=" ">
    <subfield code="f">1830</subfield>
    <subfield code="g">1901</subfield>
  </datafield>
  <datafield tag="053" ind1=" " ind2="0">
    <subfield code="a">PL2727.A56</subfield>
  </datafield>
  <datafield tag="100" ind1="1" ind2=" ">
    <subfield code="a">Tan, Xian,</subfield>
    <subfield code="d">1830-1901</subfield>
  </datafield>
  <datafield tag="400" ind1="1" ind2=" ">
    <subfield code="w">nne</subfield>
    <subfield code="a">Tʻan, Hsien,</subfield>
    <subfield code="d">1830-1901</subfield>
  </datafield>
  <datafield tag="400" ind1="1" ind2=" ">
    <subfield code="a">Tan, Tingxian,</subfield>
    <subfield code="d">1830-1901</subfield>
  </datafield>
  <datafield tag="400" ind1="1" ind2=" ">
    <subfield code="a">Tʻan, Tʻing-hsien,</subfield>
    <subfield code="d">1830-1901</subfield>
  </datafield>
  <datafield tag="400" ind1="1" ind2=" ">
    <subfield code="a">Tan, Zhongxiu,</subfield>
    <subfield code="d">1830-1901</subfield>
  </datafield>
  <datafield tag="400" ind1="1" ind2=" ">
    <subfield code="a">Tʻan, Chung-hsiu,</subfield>
    <subfield code="d">1830-1901</subfield>
  </datafield>
  <datafield tag="400" ind1="1" ind2=" ">
    <subfield code="a">Tan, Futang,</subfield>
    <subfield code="d">1830-1901</subfield>
  </datafield>
  <datafield tag="400" ind1="1" ind2=" ">
    <subfield code="a">Tʻan, Fu-tʻang,</subfield>
    <subfield code="d">1830-1901</subfield>
  </datafield>
  <datafield tag="400" ind1="0" ind2=" ">
    <subfield code="a">Ban&apos;anjushi,</subfield>
    <subfield code="d">1830-1901</subfield>
  </datafield>
  <datafield tag="400" ind1="0" ind2=" ">
    <subfield code="a">Pan-an-chü-shih,</subfield>
    <subfield code="d">1830-1901</subfield>
  </datafield>
  <datafield tag="400" ind1="1" ind2=" ">
    <subfield code="a">Tan, Yi,</subfield>
    <subfield code="d">1830-1901</subfield>
  </datafield>
  <datafield tag="400" ind1="1" ind2=" ">
    <subfield code="a">Tan, Zhongyi,</subfield>
    <subfield code="d">1830-1901</subfield>
  </datafield>
  <datafield tag="400" ind1="1" ind2=" ">
    <subfield code="a">譚獻,</subfield>
    <subfield code="d">1830-1901</subfield>
  </datafield>
  <datafield tag="400" ind1="1" ind2=" ">
    <subfield code="a">谭献,</subfield>
    <subfield code="d">1830-1901</subfield>
  </datafield>
  <datafield tag="400" ind1="1" ind2=" ">
    <subfield code="a">譚廷獻,</subfield>
    <subfield code="d">1830-1901</subfield>
  </datafield>
  <datafield tag="400" ind1="1" ind2=" ">
    <subfield code="a">譚仲修,</subfield>
    <subfield code="d">1830-1901</subfield>
  </datafield>
  <datafield tag="400" ind1="1" ind2=" ">
    <subfield code="a">譚復堂,</subfield>
    <subfield code="d">1830-1901</subfield>
  </datafield>
  <datafield tag="667" ind1=" " ind2=" ">
    <subfield code="a">Machine-derived non-Latin script reference project.</subfield>
  </datafield>
  <datafield tag="667" ind1=" " ind2=" ">
    <subfield code="a">Non-Latin script references not evaluated.</subfield>
  </datafield>
  <datafield tag="667" ind1=" " ind2=" ">
    <subfield code="a">Non-Latin script references reviewed in NACO CJK Funnel References Project.</subfield>
  </datafield>
  <datafield tag="670" ind1=" " ind2=" ">
    <subfield code="a">His Fu-tʻang tzʻu hua, 1959 (1984 printing):</subfield>
    <subfield code="b">t.p. (Tʻan Hsien) p. 76 (b. 1832; d. 1901; orig. name Tʻing-hsien; t. Chung-hsiu; h. Fu-tʻang; became chü jen in 1867; studied art of tzʻu)</subfield>
  </datafield>
  <datafield tag="670" ind1=" " ind2=" ">
    <subfield code="a">Chung-kuo chu tso chia tsʻan kʻao kʻa</subfield>
    <subfield code="b">(Tʻan Hsien; b. 2/3/1830; d. 1901; t. Chung-hsiu; h. Fu-tʻang; signed Pan-an-chü-shih)</subfield>
  </datafield>
  <datafield tag="670" ind1=" " ind2=" ">
    <subfield code="a">Chiang, L.F.  Li tai jen wu nien li pei chuan tsung piao, 1961:</subfield>
    <subfield code="b">p. 717 (Tʻan Hsien; b. 1830; d. 1901; t. Chung-hsiu; orig. name Tʻing-hsien)</subfield>
  </datafield>
  <datafield tag="670" ind1=" " ind2=" ">
    <subfield code="a">Futang ri ji, 2001:</subfield>
    <subfield code="b">t.p. (Tan Xian) p. 418 (b. 1831; d. 1901)</subfield>
  </datafield>
  <datafield tag="670" ind1=" " ind2=" ">
    <subfield code="a">Zhen wei yin wang WWW site, Mar. 1, 2007</subfield>
    <subfield code="b">(Tan Xian; orig. name: Tingxian; zi: Zhongxiu, Zhongyi; also named: Tan Yi; hao: Futang; native of Qiantang)</subfield>
  </datafield>
  <datafield tag="670" ind1=" " ind2=" ">
    <subfield code="a">OCLC #50315500, November 5, 2019</subfield>
    <subfield code="b">(access point: 譚獻, 1830-1901 = Tan, Xian, 1830-1901; usage: 譚獻 = Tan Xian)</subfield>
  </datafield>
  <datafield tag="953" ind1=" " ind2=" ">
    <subfield code="a">xx00</subfield>
    <subfield code="b">ta27</subfield>
  </datafield>
  <datafield tag="985" ind1=" " ind2=" ">
    <subfield code="c">RLIN</subfield>
    <subfield code="e">LSPC</subfield>
  </datafield>
</record>