
<record>
  <leader>00782cz  a2200217n  4500</leader>
  <controlfield tag="001">2072535</controlfield>
  <controlfield tag="003">DLC</controlfield>
  <controlfield tag="005">20200104073309.0</controlfield>
  <controlfield tag="008">881102n| azannaabn          |b aaa      </controlfield>
  <datafield tag="010" ind1=" " ind2=" ">
    <subfield code="a">n  88105321 </subfield>
  </datafield>
  <datafield tag="035" ind1=" " ind2=" ">
    <subfield code="a">(OCoLC)oca02394483</subfield>
  </datafield>
  <datafield tag="040" ind1=" " ind2=" ">
    <subfield code="a">DLC</subfield>
    <subfield code="b">eng</subfield>
    <subfield code="e">rda</subfield>
    <subfield code="c">DLC</subfield>
    <subfield code="d">WU</subfield>
  </datafield>
  <datafield tag="100" ind1="1" ind2=" ">
    <subfield code="a">Popov, I. E.</subfield>
    <subfield code="q">(Innokentiĭ Evgenʹevich)</subfield>
  </datafield>
  <datafield tag="375" ind1=" " ind2=" ">
    <subfield code="a">Males</subfield>
    <subfield code="2">lcdgt</subfield>
  </datafield>
  <datafield tag="377" ind1=" " ind2=" ">
    <subfield code="a">rus</subfield>
  </datafield>
  <datafield tag="400" ind1="1" ind2=" ">
    <subfield code="a">Попов, И. Е.</subfield>
    <subfield code="q">(Иннокентий Евгеньевич)</subfield>
  </datafield>
  <datafield tag="400" ind1="1" ind2=" ">
    <subfield code="a">Popov, Innokentiĭ Evgenʹevich</subfield>
  </datafield>
  <datafield tag="667" ind1=" " ind2=" ">
    <subfield code="a">Non-Latin script reference not evaluated.</subfield>
  </datafield>
  <datafield tag="670" ind1=" " ind2=" ">
    <subfield code="a">Voprosy zhanrovogo i stilevogo mnogoobrazii︠a︡ sovetskoĭ muzyki, 1986:</subfield>
    <subfield code="b">verso t.p. (kandidat filosofskikh nauk I.E. Popov)</subfield>
  </datafield>
  <datafield tag="670" ind1=" " ind2=" ">
    <subfield code="a">USSR nat. bibl., 1986</subfield>
    <subfield code="b">(Popov, Innokentiĭ Evgenʹevich)</subfield>
  </datafield>
  <datafield tag="953" ind1=" " ind2=" ">
    <subfield code="a">ee26</subfield>
  </datafield>
</record>