
<record>
  <leader>01631cz  a2200265n  4500</leader>
  <controlfield tag="001">2074200</controlfield>
  <controlfield tag="003">DLC</controlfield>
  <controlfield tag="005">20200104073307.0</controlfield>
  <controlfield tag="008">880818n| acannaabn          |n aaa     c</controlfield>
  <datafield tag="010" ind1=" " ind2=" ">
    <subfield code="a">n  88129591 </subfield>
  </datafield>
  <datafield tag="035" ind1=" " ind2=" ">
    <subfield code="a">(OCoLC)oca02343672</subfield>
  </datafield>
  <datafield tag="040" ind1=" " ind2=" ">
    <subfield code="a">MnHi</subfield>
    <subfield code="b">eng</subfield>
    <subfield code="c">DLC</subfield>
    <subfield code="d">DLC</subfield>
    <subfield code="d">OCoLC</subfield>
    <subfield code="d">KyU</subfield>
  </datafield>
  <datafield tag="046" ind1=" " ind2=" ">
    <subfield code="f">1750-01-12</subfield>
    <subfield code="g">1826-10-16</subfield>
    <subfield code="2">edtf</subfield>
  </datafield>
  <datafield tag="100" ind1="1" ind2=" ">
    <subfield code="a">Anderson, Richard C.</subfield>
    <subfield code="q">(Richard Clough),</subfield>
    <subfield code="d">1750-1826</subfield>
  </datafield>
  <datafield tag="370" ind1=" " ind2=" ">
    <subfield code="a">Hanover County (Va.)</subfield>
    <subfield code="b">Louisville (Ky.)</subfield>
    <subfield code="c">United States</subfield>
    <subfield code="e">Jefferson County (Ky.)</subfield>
    <subfield code="2">naf</subfield>
  </datafield>
  <datafield tag="374" ind1=" " ind2=" ">
    <subfield code="a">Surveyors</subfield>
    <subfield code="a">Legislators</subfield>
    <subfield code="2">naf</subfield>
  </datafield>
  <datafield tag="375" ind1=" " ind2=" ">
    <subfield code="a">Males</subfield>
    <subfield code="2">lcdgt</subfield>
  </datafield>
  <datafield tag="377" ind1=" " ind2=" ">
    <subfield code="a">eng</subfield>
  </datafield>
  <datafield tag="378" ind1=" " ind2=" ">
    <subfield code="q">Richard Clough</subfield>
  </datafield>
  <datafield tag="670" ind1=" " ind2=" ">
    <subfield code="a">Anderson, E.L. Soldier and pioneer, 1879:</subfield>
    <subfield code="b">t.p. (Richard C. Anderson)</subfield>
  </datafield>
  <datafield tag="670" ind1=" " ind2=" ">
    <subfield code="a">OCLC data base, 7-8-88</subfield>
    <subfield code="b">(hdg: Anderson, Richard Clough, 1750-1826)</subfield>
  </datafield>
  <datafield tag="670" ind1=" " ind2=" ">
    <subfield code="a">NUCMC data from Ohio Hist. Soc. for His Papers, 1813-1822</subfield>
    <subfield code="b">(Richard Clough Anderson, 1750-1826; surveyor-general of Virginia Military Lands)</subfield>
  </datafield>
  <datafield tag="670" ind1=" " ind2=" ">
    <subfield code="a">WWWA, 1607-1896</subfield>
    <subfield code="b">(Anderson, Richard Clough, army officer, pioneer; b. Hanover County, Va., 1750; s. Robert and Elizabeth (Clough) A.; m. Elizabeth Clark, 1785; m. 2d Sarah Marshall; in Rev. War; surveryor-gen. to divide lands in the West reserved by Va. for her Continental troops; d. Louisville, Ky., 1826)</subfield>
  </datafield>
  <datafield tag="670" ind1=" " ind2=" ">
    <subfield code="a">Kentucky encyclopedia, ©1992:</subfield>
    <subfield code="b">page 21 (Richard Clough Anderson was a Revolutionary War officer and surveyor.  Born at Goldmine, Hanover County, Virginia on January 12, 1750. Moved to Kentucky in 1784 where he lived in Jefferson County for most of the rest of his life. Was a delegate to the Kentucky convention of 1788.  Died October 16, 1826.)</subfield>
  </datafield>
  <datafield tag="953" ind1=" " ind2=" ">
    <subfield code="a">bz62</subfield>
    <subfield code="b">vm08</subfield>
  </datafield>
</record>