
<record>
  <leader>02254cz  a2200481n  4500</leader>
  <controlfield tag="001">2084713</controlfield>
  <controlfield tag="003">DLC</controlfield>
  <controlfield tag="005">20200104073530.0</controlfield>
  <controlfield tag="008">890908nc azannaabn          |b aaa      </controlfield>
  <datafield tag="010" ind1=" " ind2=" ">
    <subfield code="a">n  88288371 </subfield>
  </datafield>
  <datafield tag="035" ind1=" " ind2=" ">
    <subfield code="a">(OCoLC)oca02595187</subfield>
  </datafield>
  <datafield tag="040" ind1=" " ind2=" ">
    <subfield code="a">DLC</subfield>
    <subfield code="b">eng</subfield>
    <subfield code="c">DLC</subfield>
    <subfield code="e">rda</subfield>
    <subfield code="d">DLC-CK</subfield>
    <subfield code="d">DLC-R</subfield>
    <subfield code="d">OCoLC</subfield>
    <subfield code="d">HkUST</subfield>
    <subfield code="d">DLC</subfield>
    <subfield code="d">DcWaGWGG</subfield>
  </datafield>
  <datafield tag="046" ind1=" " ind2=" ">
    <subfield code="f">1599</subfield>
    <subfield code="g">[1669,1670]</subfield>
  </datafield>
  <datafield tag="053" ind1=" " ind2="0">
    <subfield code="a">PL2727.I59</subfield>
  </datafield>
  <datafield tag="100" ind1="1" ind2=" ">
    <subfield code="a">Ding, Yaokang,</subfield>
    <subfield code="d">1599-1669</subfield>
  </datafield>
  <datafield tag="400" ind1="1" ind2=" ">
    <subfield code="w">nne</subfield>
    <subfield code="a">Ting, Yao-kʻang,</subfield>
    <subfield code="d">1599-1669</subfield>
  </datafield>
  <datafield tag="400" ind1="1" ind2=" ">
    <subfield code="w">nnaa</subfield>
    <subfield code="a">Ting, Yao-kʻang,</subfield>
    <subfield code="d">1620-1691</subfield>
  </datafield>
  <datafield tag="400" ind1="1" ind2=" ">
    <subfield code="a">丁耀亢,</subfield>
    <subfield code="d">1599-1669</subfield>
  </datafield>
  <datafield tag="400" ind1="1" ind2=" ">
    <subfield code="a">Ding, Xisheng,</subfield>
    <subfield code="d">1599-1669</subfield>
  </datafield>
  <datafield tag="400" ind1="1" ind2=" ">
    <subfield code="a">Ting, Hsi-sheng,</subfield>
    <subfield code="d">1599-1669</subfield>
  </datafield>
  <datafield tag="400" ind1="1" ind2=" ">
    <subfield code="a">丁西生,</subfield>
    <subfield code="d">1599-1669</subfield>
  </datafield>
  <datafield tag="400" ind1="1" ind2=" ">
    <subfield code="a">Ding, Yehe,</subfield>
    <subfield code="d">1599-1669</subfield>
  </datafield>
  <datafield tag="400" ind1="1" ind2=" ">
    <subfield code="a">Ting, Yeh-ho,</subfield>
    <subfield code="d">1599-1669</subfield>
  </datafield>
  <datafield tag="400" ind1="1" ind2=" ">
    <subfield code="a">丁野鶴,</subfield>
    <subfield code="d">1599-1669</subfield>
  </datafield>
  <datafield tag="400" ind1="1" ind2=" ">
    <subfield code="a">Meng, Bisheng,</subfield>
    <subfield code="d">1599-1669</subfield>
  </datafield>
  <datafield tag="400" ind1="1" ind2=" ">
    <subfield code="a">Meng, Pi-sheng,</subfield>
    <subfield code="d">1599-1669</subfield>
  </datafield>
  <datafield tag="400" ind1="1" ind2=" ">
    <subfield code="a">夢筆生,</subfield>
    <subfield code="d">1599-1669</subfield>
  </datafield>
  <datafield tag="400" ind1="0" ind2=" ">
    <subfield code="a">Ziyangdaoren,</subfield>
    <subfield code="d">1599-1669</subfield>
  </datafield>
  <datafield tag="400" ind1="0" ind2=" ">
    <subfield code="a">Tzu-yang-tao-jen,</subfield>
    <subfield code="d">1599-1669</subfield>
  </datafield>
  <datafield tag="400" ind1="0" ind2=" ">
    <subfield code="a">紫陽道人,</subfield>
    <subfield code="d">1599-1669</subfield>
  </datafield>
  <datafield tag="400" ind1="0" ind2=" ">
    <subfield code="a">Mujidaoren,</subfield>
    <subfield code="d">1599-1669</subfield>
  </datafield>
  <datafield tag="400" ind1="0" ind2=" ">
    <subfield code="a">Mu-chi-tao-jen,</subfield>
    <subfield code="d">1599-1669</subfield>
  </datafield>
  <datafield tag="400" ind1="0" ind2=" ">
    <subfield code="a">木雞道人,</subfield>
    <subfield code="d">1599-1669</subfield>
  </datafield>
  <datafield tag="667" ind1=" " ind2=" ">
    <subfield code="a">Machine-derived non-Latin script reference project.</subfield>
  </datafield>
  <datafield tag="667" ind1=" " ind2=" ">
    <subfield code="a">Non-Latin script references not evaluated.</subfield>
  </datafield>
  <datafield tag="667" ind1=" " ind2=" ">
    <subfield code="a">Non-Latin script references reviewed in NACO CJK Funnel References Project.</subfield>
  </datafield>
  <datafield tag="670" ind1=" " ind2=" ">
    <subfield code="a">Chin Pʻing Mei hsü shu san chung, 1988:</subfield>
    <subfield code="b">t.p. (丁耀亢 = Ting Yao-kʻang) postscript (b. 1599; d. 1669; author of Hsü Chin Pʻing Mei)</subfield>
  </datafield>
  <datafield tag="670" ind1=" " ind2=" ">
    <subfield code="a">Tzʻu hai, 1979:</subfield>
    <subfield code="b">p. 24 (丁耀亢 = Ting Yao-kʻang, 1599-1669; t. 西生 = Hsi-sheng, h. 野鹤 = Yeh-ho, etc.)</subfield>
  </datafield>
  <datafield tag="670" ind1=" " ind2=" ">
    <subfield code="a">LC manual auth. cd.</subfield>
    <subfield code="b">(hdg.: Ting, Yao-kʻang, 1620-1691)</subfield>
  </datafield>
  <datafield tag="670" ind1=" " ind2=" ">
    <subfield code="a">His Chin wu meng, 1988:</subfield>
    <subfield code="b">t.p. (夢筆生 = Meng Pi-sheng) pref. (丁耀亢 = Ting Yao-kʻang; b. 1599; d. 1670)</subfield>
  </datafield>
  <datafield tag="670" ind1=" " ind2=" ">
    <subfield code="a">His Hsü Chin Pʻing Mei, 1990:</subfield>
    <subfield code="b">t.p. (紫陽道人 = Tzu-yang-tao-jen) frwd. (author of wk. cat. was 丁耀亢 = Ting Yao-kʻang, 1599-1670; t. 西生 = Hsi-sheng; h. 野鶴 = Yeh-ho, 木雞道人 = Mu-chi-tao-jen)</subfield>
  </datafield>
  <datafield tag="670" ind1=" " ind2=" ">
    <subfield code="a">Chung-kuo ku tai hsiao shuo pai kʻo chʻüan shu, 1993:</subfield>
    <subfield code="b">p. 636 (紫阳道人 = Tzu-yang-tao-jen was 丁耀亢 = Ting Yao-kʻang)</subfield>
  </datafield>
  <datafield tag="953" ind1=" " ind2=" ">
    <subfield code="a">bl01</subfield>
  </datafield>
</record>