
<record>
  <leader>01153cz  a2200241n  4500</leader>
  <controlfield tag="001">2123927</controlfield>
  <controlfield tag="003">DLC</controlfield>
  <controlfield tag="005">20200104073316.0</controlfield>
  <controlfield tag="008">900713n| azannaabn          |a aaa      </controlfield>
  <datafield tag="010" ind1=" " ind2=" ">
    <subfield code="a">n  90669401 </subfield>
  </datafield>
  <datafield tag="035" ind1=" " ind2=" ">
    <subfield code="a">(OCoLC)oca02779915</subfield>
  </datafield>
  <datafield tag="040" ind1=" " ind2=" ">
    <subfield code="a">DLC</subfield>
    <subfield code="b">eng</subfield>
    <subfield code="e">rda</subfield>
    <subfield code="c">DLC</subfield>
    <subfield code="d">DLC</subfield>
    <subfield code="d">ICU</subfield>
  </datafield>
  <datafield tag="046" ind1=" " ind2=" ">
    <subfield code="f">1889-12-06</subfield>
    <subfield code="g">1918-10-16</subfield>
    <subfield code="2">edtf</subfield>
  </datafield>
  <datafield tag="053" ind1=" " ind2="0">
    <subfield code="a">PT2623.E53</subfield>
  </datafield>
  <datafield tag="100" ind1="1" ind2=" ">
    <subfield code="a">Lemm, Alfred,</subfield>
    <subfield code="d">1889-1918</subfield>
  </datafield>
  <datafield tag="370" ind1=" " ind2=" ">
    <subfield code="a">Berlin (Germany)</subfield>
    <subfield code="b">Berlin (Germany)</subfield>
    <subfield code="2">naf</subfield>
  </datafield>
  <datafield tag="374" ind1=" " ind2=" ">
    <subfield code="a">Authors</subfield>
    <subfield code="a">Essayists</subfield>
    <subfield code="2">lcsh</subfield>
  </datafield>
  <datafield tag="375" ind1=" " ind2=" ">
    <subfield code="a">Males</subfield>
    <subfield code="2">lcdgt</subfield>
  </datafield>
  <datafield tag="377" ind1=" " ind2=" ">
    <subfield code="a">ger</subfield>
  </datafield>
  <datafield tag="400" ind1="1" ind2=" ">
    <subfield code="a">Lehmann, Alfred,</subfield>
    <subfield code="d">1889-1918</subfield>
  </datafield>
  <datafield tag="670" ind1=" " ind2=" ">
    <subfield code="a">His Gesammelte Prosa, c1987- :</subfield>
    <subfield code="b">v. 1, t.p. (Alfred Lemm) p. 13 (b. 12-6-1889 in Berlin; Alfred Lehmann; d. Oct. 1918; wrote prose works; used name Alfred Lemm for his writings)</subfield>
  </datafield>
  <datafield tag="670" ind1=" " ind2=" ">
    <subfield code="a">Wikipedia, die freie Enzyklopädie, December 16, 2019:</subfield>
    <subfield code="b">Alfred Lemm page (Alfred Lemm; born 6 December 1889 in Berlin; died 16 October 1918 in Berlin; real name: Alfred Lehmann; German Expressionsist writer, pacifist, and essaysit, who advocated the renewal of Judaism in German by turning toward Eastern European Judaism)</subfield>
    <subfield code="u">https://de.wikipedia.org/wiki/Alfred_Lemm</subfield>
  </datafield>
  <datafield tag="953" ind1=" " ind2=" ">
    <subfield code="a">ec02</subfield>
  </datafield>
</record>