
<record>
  <leader>01283cz  a2200301n  4500</leader>
  <controlfield tag="001">2127822</controlfield>
  <controlfield tag="003">DLC</controlfield>
  <controlfield tag="005">20200104152634.0</controlfield>
  <controlfield tag="008">901106n| acannaab           |a aaa      </controlfield>
  <datafield tag="010" ind1=" " ind2=" ">
    <subfield code="a">n  90712281 </subfield>
  </datafield>
  <datafield tag="035" ind1=" " ind2=" ">
    <subfield code="a">(DLC)n  90712281</subfield>
  </datafield>
  <datafield tag="040" ind1=" " ind2=" ">
    <subfield code="a">DLC</subfield>
    <subfield code="c">DLC</subfield>
    <subfield code="d">DLC</subfield>
    <subfield code="d">InU</subfield>
    <subfield code="d">NNC</subfield>
    <subfield code="d">DLC</subfield>
    <subfield code="d">DLC</subfield>
  </datafield>
  <datafield tag="046" ind1=" " ind2=" ">
    <subfield code="f">1947-09-17 2 edtf</subfield>
  </datafield>
  <datafield tag="100" ind1="1" ind2=" ">
    <subfield code="a">Nazarov, Bakhtiër</subfield>
  </datafield>
  <datafield tag="370" ind1=" " ind2=" ">
    <subfield code="c">Uzbekistan</subfield>
    <subfield code="e">Tashkent (Uzbekistan)</subfield>
    <subfield code="2">naf</subfield>
  </datafield>
  <datafield tag="374" ind1=" " ind2=" ">
    <subfield code="a">Philologists</subfield>
    <subfield code="a">Critics</subfield>
    <subfield code="2">lcsh</subfield>
  </datafield>
  <datafield tag="375" ind1=" " ind2=" ">
    <subfield code="a">male</subfield>
  </datafield>
  <datafield tag="377" ind1=" " ind2=" ">
    <subfield code="a">uzb</subfield>
    <subfield code="a">rus</subfield>
  </datafield>
  <datafield tag="378" ind1=" " ind2=" ">
    <subfield code="q">Bakhtiër Muḣammadamin ŭghli</subfield>
  </datafield>
  <datafield tag="400" ind1="1" ind2=" ">
    <subfield code="a">Nazarov, B.</subfield>
    <subfield code="q">(Bakhtiër)</subfield>
  </datafield>
  <datafield tag="400" ind1="1" ind2=" ">
    <subfield code="a">Nazarov, B. A.</subfield>
  </datafield>
  <datafield tag="400" ind1="1" ind2=" ">
    <subfield code="a">Nazarov, Bakhtiyar A.</subfield>
  </datafield>
  <datafield tag="670" ind1=" " ind2=" ">
    <subfield code="a">Zumrad va Qimmat, 1988:</subfield>
    <subfield code="b">t.p. verso (Bakhtiër Nazarov)</subfield>
  </datafield>
  <datafield tag="670" ind1=" " ind2=" ">
    <subfield code="a">Adabiĭ turlar va zhanrlar, 1991:</subfield>
    <subfield code="b">v. 1, t.p. (Ŭzbekiston Respublikasi Fanlar akademii︠a︡sining mukhbir aʺzosi B. Nazarov)</subfield>
  </datafield>
  <datafield tag="670" ind1=" " ind2=" ">
    <subfield code="a">Qaḣramonov, Q. Adabiĭ tanqid va ŭzbek bolalar adabiëti, 1991:</subfield>
    <subfield code="b">t.p. (Ŭzbekiston Respublikasi FA mukhbir aʺzosi B.A. Nazarov)</subfield>
  </datafield>
  <datafield tag="670" ind1=" " ind2=" ">
    <subfield code="a">Essays on Uzbek history, culture, and language, 1993:</subfield>
    <subfield code="b">t.p. (Bakhtiyar A. Nazarov)</subfield>
  </datafield>
  <datafield tag="670" ind1=" " ind2=" ">
    <subfield code="a">Ėʺtirof, 2018:</subfield>
    <subfield code="b">page 43 ( ... was born September 17th, 1945 in Tashkent) page 56 ( his late father Muḣammadamin Nazar qozi ŭghli)</subfield>
  </datafield>
  <datafield tag="953" ind1=" " ind2=" ">
    <subfield code="a">ee36</subfield>
    <subfield code="b">sd20</subfield>
  </datafield>
</record>