
<record>
  <leader>01048cz  a2200241n  4500</leader>
  <controlfield tag="001">2140704</controlfield>
  <controlfield tag="003">DLC</controlfield>
  <controlfield tag="005">20200104073252.0</controlfield>
  <controlfield tag="008">910514n| azannaabn          |a aaa      </controlfield>
  <datafield tag="010" ind1=" " ind2=" ">
    <subfield code="a">n  91047711 </subfield>
  </datafield>
  <datafield tag="035" ind1=" " ind2=" ">
    <subfield code="a">(OCoLC)oca02947455</subfield>
  </datafield>
  <datafield tag="040" ind1=" " ind2=" ">
    <subfield code="a">DLC</subfield>
    <subfield code="b">eng</subfield>
    <subfield code="e">rda</subfield>
    <subfield code="c">DLC</subfield>
    <subfield code="d">NmU</subfield>
    <subfield code="d">NcU</subfield>
  </datafield>
  <datafield tag="046" ind1=" " ind2=" ">
    <subfield code="f">1947</subfield>
    <subfield code="2">edtf</subfield>
  </datafield>
  <datafield tag="100" ind1="1" ind2=" ">
    <subfield code="a">Kaz, Eric</subfield>
  </datafield>
  <datafield tag="370" ind1=" " ind2=" ">
    <subfield code="c">United States</subfield>
    <subfield code="2">naf</subfield>
  </datafield>
  <datafield tag="373" ind1=" " ind2=" ">
    <subfield code="a">Blues Magoos (Musical group)</subfield>
    <subfield code="a">American Flyer (Musical group)</subfield>
    <subfield code="2">naf</subfield>
  </datafield>
  <datafield tag="374" ind1=" " ind2=" ">
    <subfield code="a">Musicians</subfield>
    <subfield code="2">lcsh</subfield>
  </datafield>
  <datafield tag="378" ind1=" " ind2=" ">
    <subfield code="q">Eric Justin</subfield>
  </datafield>
  <datafield tag="400" ind1="1" ind2=" ">
    <subfield code="a">Kaz, Eric Justin</subfield>
  </datafield>
  <datafield tag="670" ind1=" " ind2=" ">
    <subfield code="a">His Cul-de-sac [SR] p1974:</subfield>
    <subfield code="b">label (Eric Kaz)</subfield>
  </datafield>
  <datafield tag="670" ind1=" " ind2=" ">
    <subfield code="a">If you&apos;re lonely, 1972:</subfield>
    <subfield code="b">label (Eric Justin Kaz)</subfield>
  </datafield>
  <datafield tag="670" ind1=" " ind2=" ">
    <subfield code="a">AllMusic WWW site, Dec. 23, 2019</subfield>
    <subfield code="b">(Eric Kaz; born 1947 in Brooklyn, N.Y.; singer/songwriter/guitarist/keyboard player; in the mid-1960s, he played piano in Children of Paradise; he was a member of the pop/rock group the Blues Magoos from 1969 to 1970; he was a founding member of American Flyer in 1976)</subfield>
    <subfield code="u">https://www.allmusic.com/artist/eric-kaz-mn0000189565/biography</subfield>
  </datafield>
  <datafield tag="953" ind1=" " ind2=" ">
    <subfield code="a">ns24</subfield>
  </datafield>
</record>