
<record>
  <leader>00582cz  a2200169n  4500</leader>
  <controlfield tag="001">2153585</controlfield>
  <controlfield tag="003">DLC</controlfield>
  <controlfield tag="005">20200104073511.0</controlfield>
  <controlfield tag="008">920521n| acannaabn          |a ana     c</controlfield>
  <datafield tag="010" ind1=" " ind2=" ">
    <subfield code="a">nr 92019651 </subfield>
  </datafield>
  <datafield tag="035" ind1=" " ind2=" ">
    <subfield code="a">(OCoLC)oca03177819</subfield>
  </datafield>
  <datafield tag="040" ind1=" " ind2=" ">
    <subfield code="a">NIC</subfield>
    <subfield code="b">eng</subfield>
    <subfield code="c">NIC</subfield>
    <subfield code="d">NjP</subfield>
    <subfield code="d">CU-I</subfield>
  </datafield>
  <datafield tag="110" ind1="2" ind2=" ">
    <subfield code="a">North American Association of Medieval Latin</subfield>
  </datafield>
  <datafield tag="510" ind1="2" ind2=" ">
    <subfield code="w">b</subfield>
    <subfield code="a">Medieval Latin Association of North America</subfield>
  </datafield>
  <datafield tag="670" ind1=" " ind2=" ">
    <subfield code="a">Journal of medieval Latin, 1991:</subfield>
    <subfield code="b">cover (North American Association of Medieval Latin); 1999: t.p. (Medieval Latin Association of North America)</subfield>
  </datafield>
  <datafield tag="953" ind1=" " ind2=" ">
    <subfield code="a">xx00</subfield>
  </datafield>
  <datafield tag="985" ind1=" " ind2=" ">
    <subfield code="c">RLIN</subfield>
    <subfield code="e">LSPC</subfield>
  </datafield>
</record>