
<record>
  <leader>01383cz  a2200349n  4500</leader>
  <controlfield tag="001">2156716</controlfield>
  <controlfield tag="003">DLC</controlfield>
  <controlfield tag="005">20200104073512.0</controlfield>
  <controlfield tag="008">920831nn azannaabn          |b aaa      </controlfield>
  <datafield tag="010" ind1=" " ind2=" ">
    <subfield code="a">nr 92030981 </subfield>
  </datafield>
  <datafield tag="035" ind1=" " ind2=" ">
    <subfield code="a">(OCoLC)oca03234537</subfield>
  </datafield>
  <datafield tag="040" ind1=" " ind2=" ">
    <subfield code="a">DLC-R</subfield>
    <subfield code="b">eng</subfield>
    <subfield code="e">rda</subfield>
    <subfield code="c">DLC-R</subfield>
    <subfield code="d">OCoLC</subfield>
    <subfield code="d">InU</subfield>
    <subfield code="d">OCoLC</subfield>
    <subfield code="d">HU</subfield>
    <subfield code="d">NIC</subfield>
    <subfield code="d">CaLaUCEA</subfield>
  </datafield>
  <datafield tag="046" ind1=" " ind2=" ">
    <subfield code="f">1953</subfield>
    <subfield code="2">edtf</subfield>
  </datafield>
  <datafield tag="053" ind1=" " ind2="0">
    <subfield code="a">PL992.2.C465</subfield>
  </datafield>
  <datafield tag="100" ind1="1" ind2=" ">
    <subfield code="a">Chŏng, Ch&apos;an-ju,</subfield>
    <subfield code="d">1953-</subfield>
  </datafield>
  <datafield tag="370" ind1=" " ind2=" ">
    <subfield code="a">Posŏng-gun, Korea</subfield>
    <subfield code="c">Korea</subfield>
  </datafield>
  <datafield tag="372" ind1=" " ind2=" ">
    <subfield code="a">Korean literature</subfield>
  </datafield>
  <datafield tag="374" ind1=" " ind2=" ">
    <subfield code="a">Novelists</subfield>
    <subfield code="2">lcsh</subfield>
  </datafield>
  <datafield tag="375" ind1=" " ind2=" ">
    <subfield code="a">male</subfield>
  </datafield>
  <datafield tag="377" ind1=" " ind2=" ">
    <subfield code="a">kor</subfield>
  </datafield>
  <datafield tag="400" ind1="1" ind2=" ">
    <subfield code="a">정 찬주,</subfield>
    <subfield code="d">1953-</subfield>
  </datafield>
  <datafield tag="400" ind1="1" ind2=" ">
    <subfield code="a">정찬주,</subfield>
    <subfield code="d">1953-</subfield>
  </datafield>
  <datafield tag="667" ind1=" " ind2=" ">
    <subfield code="a">Heading changed to update romanization and word division.</subfield>
  </datafield>
  <datafield tag="667" ind1=" " ind2=" ">
    <subfield code="a">Machine-derived non-Latin script reference project.</subfield>
  </datafield>
  <datafield tag="667" ind1=" " ind2=" ">
    <subfield code="a">Non-Latin script references not evaluated.</subfield>
  </datafield>
  <datafield tag="667" ind1=" " ind2=" ">
    <subfield code="a">Non-Latin script references reviewed in NACO CJK Funnel References Project.</subfield>
  </datafield>
  <datafield tag="670" ind1=" " ind2=" ">
    <subfield code="a">His Maŭm ŭi parittae, 1991:</subfield>
    <subfield code="b">t.p. (Chŏng Ch&apos;an-ju)</subfield>
  </datafield>
  <datafield tag="670" ind1=" " ind2=" ">
    <subfield code="a">RLIN HAUO 92-B1658</subfield>
    <subfield code="b">(hdg.: Chŏng, Ch&apos;an-ju, 1953-)</subfield>
  </datafield>
  <datafield tag="670" ind1=" " ind2=" ">
    <subfield code="a">Puch&apos;ŏnim 8-tae inyŏn iyagi, 2012:</subfield>
    <subfield code="b">title page (정 찬주 = Chŏng Ch&apos;an-ju) front flap (born in 1953 in Chŏnnam, Posŏng)</subfield>
  </datafield>
  <datafield tag="675" ind1=" " ind2=" ">
    <subfield code="a">Munhak tsj.;</subfield>
    <subfield code="a">Han&apos;guk inmyŏng, 1986;</subfield>
    <subfield code="a">Insarok, 1975;</subfield>
    <subfield code="a">Kyosu yoram, 1984- : v. 2;</subfield>
    <subfield code="a">Tonga yg., Pyŏlch&apos;aek purok inmyŏngrok, 1988.</subfield>
  </datafield>
  <datafield tag="953" ind1=" " ind2=" ">
    <subfield code="a">xx00</subfield>
  </datafield>
  <datafield tag="985" ind1=" " ind2=" ">
    <subfield code="c">RLIN</subfield>
    <subfield code="e">LSPC</subfield>
  </datafield>
</record>