
<record>
  <leader>01134cz  a2200289n  4500</leader>
  <controlfield tag="001">2159493</controlfield>
  <controlfield tag="003">DLC</controlfield>
  <controlfield tag="005">20200104073512.0</controlfield>
  <controlfield tag="008">921218nc azannaabn          |b aaa      </controlfield>
  <datafield tag="010" ind1=" " ind2=" ">
    <subfield code="a">nr 92044701 </subfield>
  </datafield>
  <datafield tag="035" ind1=" " ind2=" ">
    <subfield code="a">(OCoLC)oca03290072</subfield>
  </datafield>
  <datafield tag="040" ind1=" " ind2=" ">
    <subfield code="a">DLC-R</subfield>
    <subfield code="b">eng</subfield>
    <subfield code="e">rda</subfield>
    <subfield code="c">DLC-R</subfield>
    <subfield code="d">OCoLC</subfield>
    <subfield code="d">InU</subfield>
    <subfield code="d">MH</subfield>
  </datafield>
  <datafield tag="100" ind1="1" ind2=" ">
    <subfield code="a">Tie, Guoxi</subfield>
  </datafield>
  <datafield tag="400" ind1="1" ind2=" ">
    <subfield code="w">nne</subfield>
    <subfield code="a">Tʻieh, Kuo-hsi</subfield>
  </datafield>
  <datafield tag="400" ind1="1" ind2=" ">
    <subfield code="a">Tieguoxi, Sai&apos;erde Yibulaxin</subfield>
  </datafield>
  <datafield tag="400" ind1="0" ind2=" ">
    <subfield code="a">Sai-er-te I-pu-la-hsin Tʻieh-kuo-hsi</subfield>
  </datafield>
  <datafield tag="400" ind1="1" ind2=" ">
    <subfield code="a">Tʻieh-kuo-hsi, Sai-erh-te I-pu-la-hsin</subfield>
  </datafield>
  <datafield tag="400" ind1="1" ind2=" ">
    <subfield code="a">鐡國璽</subfield>
  </datafield>
  <datafield tag="400" ind1="1" ind2=" ">
    <subfield code="a">铁国玺</subfield>
  </datafield>
  <datafield tag="667" ind1=" " ind2=" ">
    <subfield code="a">Machine-derived non-Latin script reference project.</subfield>
  </datafield>
  <datafield tag="667" ind1=" " ind2=" ">
    <subfield code="a">Non-Latin script references not evaluated.</subfield>
  </datafield>
  <datafield tag="667" ind1=" " ind2=" ">
    <subfield code="a">Non-Latin script references reviewed in NACO CJK Funnel References Project.</subfield>
  </datafield>
  <datafield tag="670" ind1=" " ind2=" ">
    <subfield code="a">Feng, C.Y. I ssu lan chiao wen hua pai wen, 1989:</subfield>
    <subfield code="b">t.p. (Sai-erh-te I-pu-la-hsin Tʻieh-kuo-hsi)</subfield>
  </datafield>
  <datafield tag="670" ind1=" " ind2=" ">
    <subfield code="a">Feng, C.Y. I ssu lan chiao li shih pai wen, 1989:</subfield>
    <subfield code="b">pref. (Tʻieh Kuo-hsi, a Moslem)</subfield>
  </datafield>
  <datafield tag="670" ind1=" " ind2=" ">
    <subfield code="a">OCLC #23300265, December 23, 2019</subfield>
    <subfield code="b">(access point: 铁国玺 = Tie, Guoxi; usage: 铁国玺 = Tie Guoxi)</subfield>
  </datafield>
  <datafield tag="953" ind1=" " ind2=" ">
    <subfield code="a">xx00</subfield>
  </datafield>
  <datafield tag="985" ind1=" " ind2=" ">
    <subfield code="c">RLIN</subfield>
    <subfield code="e">LSPC</subfield>
  </datafield>
</record>