
<record>
  <leader>01256cz  a2200253n  4500</leader>
  <controlfield tag="001">2163195</controlfield>
  <controlfield tag="003">DLC</controlfield>
  <controlfield tag="005">20200104073512.0</controlfield>
  <controlfield tag="008">920827n| azannaabn          |a aaa      </controlfield>
  <datafield tag="010" ind1=" " ind2=" ">
    <subfield code="a">n  92086201 </subfield>
    <subfield code="z">n  87144761 </subfield>
  </datafield>
  <datafield tag="035" ind1=" " ind2=" ">
    <subfield code="a">(OCoLC)oca03229214</subfield>
  </datafield>
  <datafield tag="040" ind1=" " ind2=" ">
    <subfield code="a">DLC</subfield>
    <subfield code="b">eng</subfield>
    <subfield code="e">rda</subfield>
    <subfield code="c">DLC</subfield>
    <subfield code="d">DLC</subfield>
    <subfield code="d">OCoLC</subfield>
    <subfield code="d">NIC</subfield>
    <subfield code="d">DLC</subfield>
    <subfield code="d">IEN</subfield>
    <subfield code="d">WaBeW</subfield>
  </datafield>
  <datafield tag="046" ind1=" " ind2=" ">
    <subfield code="f">1946</subfield>
    <subfield code="2">edtf</subfield>
  </datafield>
  <datafield tag="100" ind1="1" ind2=" ">
    <subfield code="a">White, Benjamin</subfield>
  </datafield>
  <datafield tag="400" ind1="1" ind2=" ">
    <subfield code="a">White, Ben</subfield>
    <subfield code="q">(Benjamin)</subfield>
  </datafield>
  <datafield tag="400" ind1="1" ind2=" ">
    <subfield code="a">White, Benjamin Nicholas Forbes</subfield>
  </datafield>
  <datafield tag="670" ind1=" " ind2=" ">
    <subfield code="a">In the shadow of agriculture, 1991:</subfield>
    <subfield code="b">t.p. (Benjamin White)</subfield>
  </datafield>
  <datafield tag="670" ind1=" " ind2=" ">
    <subfield code="a">LC data base, 8-27-92</subfield>
    <subfield code="b">(hdg.: White, Benjamin)</subfield>
  </datafield>
  <datafield tag="670" ind1=" " ind2=" ">
    <subfield code="a">In the shadow of agriculture, c1991:</subfield>
    <subfield code="b">t.p. (Ben White)</subfield>
  </datafield>
  <datafield tag="670" ind1=" " ind2=" ">
    <subfield code="a">nuc87-120710: His Production and reproduction in a Javanese village, 1977</subfield>
    <subfield code="b">(hdg. on NNC rept.: White, Benjamin Nicholas Forbes, 1946- ; usage: Benjamin Nicholas Forbes White)</subfield>
  </datafield>
  <datafield tag="670" ind1=" " ind2=" ">
    <subfield code="a">Agrarian transformations in Southeast Asia, 1989:</subfield>
    <subfield code="b">CIP t.p. (Benjamin White)</subfield>
  </datafield>
  <datafield tag="670" ind1=" " ind2=" ">
    <subfield code="a">Home  International Institute of Social Studies in The Hague, viewed July 8, 2013</subfield>
    <subfield code="b">(&quot;Prof.Dr. Ben White, B.N.F. White)</subfield>
  </datafield>
  <datafield tag="670" ind1=" " ind2=" ">
    <subfield code="a">LinkedIn, May 28, 2019</subfield>
    <subfield code="b">(Ben White, professor emeritus of rural sociology, ISS, The Hague, born 1946; BA Oxford 1968, PhD Columbia University 1976)</subfield>
  </datafield>
  <datafield tag="953" ind1=" " ind2=" ">
    <subfield code="a">jb08</subfield>
    <subfield code="b">se45</subfield>
  </datafield>
</record>