
<record>
  <leader>01792cz  a2200301n  4500</leader>
  <controlfield tag="001">2217614</controlfield>
  <controlfield tag="003">DLC</controlfield>
  <controlfield tag="005">20200104073514.0</controlfield>
  <controlfield tag="008">950803n| azannaabn          |n aaa     c</controlfield>
  <datafield tag="010" ind1=" " ind2=" ">
    <subfield code="a">no 95037201 </subfield>
    <subfield code="z">n  89673977 </subfield>
    <subfield code="z">nr 99001120 </subfield>
  </datafield>
  <datafield tag="035" ind1=" " ind2=" ">
    <subfield code="a">(OCoLC)oca03890543</subfield>
  </datafield>
  <datafield tag="040" ind1=" " ind2=" ">
    <subfield code="a">AAP</subfield>
    <subfield code="b">eng</subfield>
    <subfield code="e">rda</subfield>
    <subfield code="c">AAP</subfield>
    <subfield code="d">DLC</subfield>
    <subfield code="d">KyU</subfield>
  </datafield>
  <datafield tag="046" ind1=" " ind2=" ">
    <subfield code="f">1805-06-14</subfield>
    <subfield code="g">1871-10-26</subfield>
    <subfield code="2">edtf</subfield>
  </datafield>
  <datafield tag="100" ind1="1" ind2=" ">
    <subfield code="a">Anderson, Robert,</subfield>
    <subfield code="d">1805-1871</subfield>
  </datafield>
  <datafield tag="370" ind1=" " ind2=" ">
    <subfield code="a">Jefferson County (Ky.)</subfield>
    <subfield code="b">Nice (France)</subfield>
    <subfield code="c">United States</subfield>
    <subfield code="c">France</subfield>
    <subfield code="e">Charleston (S.C.)</subfield>
    <subfield code="2">naf</subfield>
  </datafield>
  <datafield tag="373" ind1=" " ind2=" ">
    <subfield code="a">United States Military Academy</subfield>
    <subfield code="2">naf</subfield>
    <subfield code="t">1825</subfield>
  </datafield>
  <datafield tag="374" ind1=" " ind2=" ">
    <subfield code="a">Soldiers</subfield>
    <subfield code="2">naf</subfield>
  </datafield>
  <datafield tag="375" ind1=" " ind2=" ">
    <subfield code="a">Males</subfield>
    <subfield code="2">lcdgt</subfield>
  </datafield>
  <datafield tag="377" ind1=" " ind2=" ">
    <subfield code="a">eng</subfield>
  </datafield>
  <datafield tag="670" ind1=" " ind2=" ">
    <subfield code="a">Letter, January 9, 1861, to the Senate and House of Representatives of South Carolina, enclosing correspondence with Major Robert Anderson about Fort Sumter [microform], 1861:</subfield>
    <subfield code="b">p. 1 (Robert Anderson)</subfield>
  </datafield>
  <datafield tag="670" ind1=" " ind2=" ">
    <subfield code="a">Historical times illustrated encyclopedia of the Civil War, c1986: p. 15 (Robert Anderson)</subfield>
  </datafield>
  <datafield tag="670" ind1=" " ind2=" ">
    <subfield code="a">OCLC, 07/20/95</subfield>
    <subfield code="b">(hdg.: Anderson, Robert, 1805-1871)</subfield>
  </datafield>
  <datafield tag="670" ind1=" " ind2=" ">
    <subfield code="a">Instruction for field artillery, horse and foot, 1840:</subfield>
    <subfield code="b">t.p. (Robert Anderson; captain, U.S. Army)</subfield>
  </datafield>
  <datafield tag="670" ind1=" " ind2=" ">
    <subfield code="a">LC in RLIN, 1/20/99</subfield>
    <subfield code="b">(hdg.: Anderson, Robert, 1805-1871; usage: Robert Anderson)</subfield>
  </datafield>
  <datafield tag="670" ind1=" " ind2=" ">
    <subfield code="a">DAB</subfield>
    <subfield code="b">(Anderson, Robert; Union soldier; grad. U.S. Military Academy, 1825; commissioned, 3rd artillery; took part in Black Hawk and Florida Wars; appointed brigadier-general, 1861; retired, 1863; b. June 14, 1805, Kentucky; d. Oct. 26, 1871, Nice, France)</subfield>
  </datafield>
  <datafield tag="670" ind1=" " ind2=" ">
    <subfield code="a">Kentucky encyclopedia, ©1992:</subfield>
    <subfield code="b">page 21 (Robert Anderson was the commander of Fort Sumter in Charleston harbor at the outbreak of the Civil War.  Born in Jefferson County, Ky.  Son of Richard Clough Anderson, a Revolutionary War officer.)</subfield>
  </datafield>
  <datafield tag="953" ind1=" " ind2=" ">
    <subfield code="a">xx00</subfield>
    <subfield code="b">yz00</subfield>
  </datafield>
  <datafield tag="985" ind1=" " ind2=" ">
    <subfield code="c">OCLC</subfield>
    <subfield code="e">LSPC</subfield>
  </datafield>
</record>