
<record>
  <leader>01186cz  a2200241n  4500</leader>
  <controlfield tag="001">2227183</controlfield>
  <controlfield tag="003">DLC</controlfield>
  <controlfield tag="005">20200104073514.0</controlfield>
  <controlfield tag="008">951103n| azannaabn          |a aaa      </controlfield>
  <datafield tag="010" ind1=" " ind2=" ">
    <subfield code="a">n  95108871 </subfield>
  </datafield>
  <datafield tag="035" ind1=" " ind2=" ">
    <subfield code="a">(OCoLC)oca03952871</subfield>
  </datafield>
  <datafield tag="040" ind1=" " ind2=" ">
    <subfield code="a">DLC</subfield>
    <subfield code="b">eng</subfield>
    <subfield code="e">rda</subfield>
    <subfield code="c">DLC</subfield>
    <subfield code="d">MoSW-Mu</subfield>
    <subfield code="d">DLC</subfield>
    <subfield code="d">NcU</subfield>
  </datafield>
  <datafield tag="046" ind1=" " ind2=" ">
    <subfield code="g">2005-07-18</subfield>
    <subfield code="2">edtf</subfield>
  </datafield>
  <datafield tag="100" ind1="1" ind2=" ">
    <subfield code="a">Herald, John</subfield>
  </datafield>
  <datafield tag="370" ind1=" " ind2=" ">
    <subfield code="c">United States</subfield>
    <subfield code="2">naf</subfield>
  </datafield>
  <datafield tag="373" ind1=" " ind2=" ">
    <subfield code="a">Greenbriar Boys</subfield>
    <subfield code="2">naf</subfield>
  </datafield>
  <datafield tag="374" ind1=" " ind2=" ">
    <subfield code="a">Bluegrass musicians</subfield>
    <subfield code="2">lcsh</subfield>
  </datafield>
  <datafield tag="400" ind1="0" ind2=" ">
    <subfield code="a">Daddy Bones</subfield>
  </datafield>
  <datafield tag="670" ind1=" " ind2=" ">
    <subfield code="a">The best of John Herald and the Greenbriar Boys, p1972:</subfield>
    <subfield code="b">label (John Herald, lead vocalist, guitar)</subfield>
  </datafield>
  <datafield tag="670" ind1=" " ind2=" ">
    <subfield code="a">Sainte-Marie, B. Many a mile [SR] 1965?:</subfield>
    <subfield code="b">label (Daddy Bones, guitar)</subfield>
  </datafield>
  <datafield tag="670" ind1=" " ind2=" ">
    <subfield code="a">Hudson Valley Music WWW site, Jan. 13, 2003:</subfield>
    <subfield code="b">Artists (John Herald; recorded with many artists on the Vanguard label in the 1950s and 1960s, sometimes under the pseudonym of Daddy Bones)</subfield>
  </datafield>
  <datafield tag="670" ind1=" " ind2=" ">
    <subfield code="a">New York times WWW site, July 26, 2005</subfield>
    <subfield code="b">(in obituary published July 23: John Herald; b. in Manhattan; d. Monday [July 18, 2005], West Hurley, N.Y., aged 65; guitarist and singer whose group the Greenbriar Boys was among the first bluegrass bands in New York in the 1960s)</subfield>
  </datafield>
  <datafield tag="953" ind1=" " ind2=" ">
    <subfield code="a">vn31</subfield>
    <subfield code="b">vl09</subfield>
  </datafield>
</record>