
<record>
  <leader>00551cz  a2200181n  4500</leader>
  <controlfield tag="001">2279505</controlfield>
  <controlfield tag="003">DLC</controlfield>
  <controlfield tag="005">20200104073511.0</controlfield>
  <controlfield tag="008">971028n| acannaabn           n abd     c</controlfield>
  <datafield tag="010" ind1=" " ind2=" ">
    <subfield code="a">n  97847261 </subfield>
  </datafield>
  <datafield tag="035" ind1=" " ind2=" ">
    <subfield code="a">(OCoLC)oca04488985</subfield>
  </datafield>
  <datafield tag="040" ind1=" " ind2=" ">
    <subfield code="a">NN-PD</subfield>
    <subfield code="b">eng</subfield>
    <subfield code="c">NN-PD</subfield>
    <subfield code="d">DLC</subfield>
    <subfield code="d">UPB-Mu</subfield>
  </datafield>
  <datafield tag="100" ind1="1" ind2=" ">
    <subfield code="a">O&apos;Hare, Kevin</subfield>
  </datafield>
  <datafield tag="667" ind1=" " ind2=" ">
    <subfield code="a">Last identity on undifferentiated record; reported for deletion in favor of [no2020000510]</subfield>
  </datafield>
  <datafield tag="670" ind1=" " ind2=" ">
    <subfield code="a">[Co-author of The enforcer]</subfield>
  </datafield>
  <datafield tag="670" ind1=" " ind2=" ">
    <subfield code="a">The enforcer, 2008:</subfield>
    <subfield code="b">t.p. (Kevin O&apos;Hare)</subfield>
  </datafield>
  <datafield tag="953" ind1=" " ind2=" ">
    <subfield code="a">xx00</subfield>
    <subfield code="b">hf10</subfield>
  </datafield>
  <datafield tag="985" ind1=" " ind2=" ">
    <subfield code="a">DHC</subfield>
    <subfield code="c">BNA</subfield>
    <subfield code="e">TCUB</subfield>
  </datafield>
</record>