
<record>
  <leader>03640cz  a2200397n  4500</leader>
  <controlfield tag="001">2298956</controlfield>
  <controlfield tag="003">DLC</controlfield>
  <controlfield tag="005">20200104073424.0</controlfield>
  <controlfield tag="008">980701n| azannaabn          |a aaa     c</controlfield>
  <datafield tag="010" ind1=" " ind2=" ">
    <subfield code="a">nb 98053951 </subfield>
    <subfield code="z">n  00012477 </subfield>
  </datafield>
  <datafield tag="035" ind1=" " ind2=" ">
    <subfield code="a">(OCoLC)oca04764046</subfield>
  </datafield>
  <datafield tag="040" ind1=" " ind2=" ">
    <subfield code="a">Uk</subfield>
    <subfield code="b">eng</subfield>
    <subfield code="e">rda</subfield>
    <subfield code="c">Uk</subfield>
    <subfield code="d">WaPS</subfield>
  </datafield>
  <datafield tag="046" ind1=" " ind2=" ">
    <subfield code="f">1956-08-06</subfield>
    <subfield code="2">edtf</subfield>
  </datafield>
  <datafield tag="100" ind1="1" ind2=" ">
    <subfield code="a">Murray, Timothy D.</subfield>
  </datafield>
  <datafield tag="370" ind1=" " ind2=" ">
    <subfield code="c">United States</subfield>
    <subfield code="f">Pullman (Wash.)</subfield>
    <subfield code="2">naf</subfield>
  </datafield>
  <datafield tag="371" ind1=" " ind2=" ">
    <subfield code="a">Department of Plant Pathology</subfield>
    <subfield code="a">Johnson 311a</subfield>
    <subfield code="a">Washington State University</subfield>
    <subfield code="b">Pullman</subfield>
    <subfield code="c">WA</subfield>
    <subfield code="d">United States</subfield>
    <subfield code="e">99164-6430</subfield>
    <subfield code="m">tim.murray@wsu.edu</subfield>
  </datafield>
  <datafield tag="372" ind1=" " ind2=" ">
    <subfield code="a">Wheat--Diseases and pests</subfield>
    <subfield code="a">Plant diseases</subfield>
    <subfield code="a">Agricultural extension work</subfield>
    <subfield code="2">lcsh</subfield>
  </datafield>
  <datafield tag="373" ind1=" " ind2=" ">
    <subfield code="a">Washington State University</subfield>
    <subfield code="2">naf</subfield>
    <subfield code="s">197X</subfield>
  </datafield>
  <datafield tag="373" ind1=" " ind2=" ">
    <subfield code="a">University of California, Davis</subfield>
    <subfield code="2">naf</subfield>
  </datafield>
  <datafield tag="374" ind1=" " ind2=" ">
    <subfield code="a">Plant pathologists</subfield>
    <subfield code="a">Agricultural extension workers</subfield>
    <subfield code="a">College teachers</subfield>
    <subfield code="2">lcsh</subfield>
  </datafield>
  <datafield tag="374" ind1=" " ind2=" ">
    <subfield code="a">University and college faculty members</subfield>
    <subfield code="2">lcdgt</subfield>
  </datafield>
  <datafield tag="375" ind1=" " ind2=" ">
    <subfield code="a">Males</subfield>
    <subfield code="2">lcdgt</subfield>
  </datafield>
  <datafield tag="377" ind1=" " ind2=" ">
    <subfield code="a">eng</subfield>
  </datafield>
  <datafield tag="378" ind1=" " ind2=" ">
    <subfield code="q">Timothy Daniel</subfield>
  </datafield>
  <datafield tag="400" ind1="1" ind2=" ">
    <subfield code="a">Murray, T. D.</subfield>
    <subfield code="q">(Timothy D.),</subfield>
    <subfield code="d">1956-</subfield>
  </datafield>
  <datafield tag="400" ind1="1" ind2=" ">
    <subfield code="a">Murray, Timothy Daniel,</subfield>
    <subfield code="d">1956-</subfield>
  </datafield>
  <datafield tag="400" ind1="1" ind2=" ">
    <subfield code="a">Murray, Tim D.,</subfield>
    <subfield code="d">1956-</subfield>
  </datafield>
  <datafield tag="670" ind1=" " ind2=" ">
    <subfield code="a">A colour handbook of diseases of small grain cereal crops, c1998:</subfield>
    <subfield code="b">t.p. (Timothy D. Murray, professor, Washington State Univ.) cover (T.D. Murray)</subfield>
  </datafield>
  <datafield tag="670" ind1=" " ind2=" ">
    <subfield code="a">Encyclopedia of plant pathology, 2000:</subfield>
    <subfield code="b">CIP t.p. (Timothy D. Murray; Washington State Univ.) data sheet (b. 8/6/56)</subfield>
  </datafield>
  <datafield tag="670" ind1=" " ind2=" ">
    <subfield code="a">Department of Plant Pathology, Washington State University (website), viewed Jan. 3, 2020:</subfield>
    <subfield code="b">Timothy D. Murray (Department Chair, Professor, Extension Plant Pathologist. Research Specialty and Interests: My research program primarily focuses on the ecology, epidemiology, and control diseases of wheat caused by soilborne fungi. Professional Experience: Professor and Extension Plant Pathologist, July 2013-present; Chair, Dept. of Plant Pathology, November 2000-December 2008; Assistant, Associate, Professor and Plant Pathologist, WSU 1983-present. Extension: Member of the Small Grains Extension Team with responsibility for disseminating pathology research to eastern Washington producers.)</subfield>
    <subfield code="u">https://plantpath.wsu.edu/people/faculty/murray/</subfield>
  </datafield>
  <datafield tag="670" ind1=" " ind2=" ">
    <subfield code="a">WSU Insider (website), viewed Jan. 3, 2020:</subfield>
    <subfield code="b">Wheat scientist Tim Murray to chair plant pathology, posted July 3, 2019 (Professor and Extension Plant Pathologist Tim Murray has been named chair of Washington State University&apos;s plant pathology department. Renowned for his research in wheat disease management and pathogen resistance, Murray&apos;s appointment marks the second time that he has served as department chair. A WSU alumnus and career-long Coug, Murray received his bachelor&apos;s degree in plant science from the University of California, Davis in 1979, his master&apos;s in plant pathology from WSU in 1980, and his doctorate in plant pathology from WSU in 1983. He joined the WSU faculty that same year and served as chair of the department of plant pathology from 2000-2008.)</subfield>
    <subfield code="u">https://news.wsu.edu/2019/07/03/wheat-scientist-tim-murray-chair-plant-pathology/</subfield>
  </datafield>
  <datafield tag="670" ind1=" " ind2=" ">
    <subfield code="a">WaPS files</subfield>
    <subfield code="b">(Murray, Timothy Daniel, 1956-)</subfield>
  </datafield>
  <datafield tag="670" ind1=" " ind2=" ">
    <subfield code="a">OCLC, Jan. 3, 2020</subfield>
    <subfield code="b">(access point: Murray, Timothy D., 1956-; Murray, Timothy Daniel, 1956-; Murray, Timothy D.; usage: Timothy D. Murray; Timothy Daniel Murray)</subfield>
  </datafield>
  <datafield tag="670" ind1=" " ind2=" ">
    <subfield code="a">Washington State University (website), viewed Jan. 3, 2020:</subfield>
    <subfield code="b">Directory (Murray, Timothy Daniel. Professor, Plant Pathology, Johnson 311a, Pullman, WA 99164-6430. tim.murray@wsu.edu)</subfield>
    <subfield code="u">https://search.wsu.edu/default.aspx?cx=013644890599324097824:kbqgwamjoxq&amp;cof=FORID%3A11&amp;q=Murray%2c+Timothy&amp;sa=Search</subfield>
  </datafield>
  <datafield tag="953" ind1=" " ind2=" ">
    <subfield code="a">xx00</subfield>
    <subfield code="b">ym09</subfield>
  </datafield>
  <datafield tag="985" ind1=" " ind2=" ">
    <subfield code="c">BL</subfield>
    <subfield code="e">LSPC</subfield>
  </datafield>
</record>