
<record>
  <leader>00622cz  a2200157n  4500</leader>
  <controlfield tag="001">2299239</controlfield>
  <controlfield tag="003">DLC</controlfield>
  <controlfield tag="005">20200104073424.0</controlfield>
  <controlfield tag="008">980617n| azannaabn          |n aaa      </controlfield>
  <datafield tag="010" ind1=" " ind2=" ">
    <subfield code="a">n  98055391 </subfield>
  </datafield>
  <datafield tag="035" ind1=" " ind2=" ">
    <subfield code="a">(OCoLC)oca04753621</subfield>
  </datafield>
  <datafield tag="040" ind1=" " ind2=" ">
    <subfield code="a">DLC</subfield>
    <subfield code="b">eng</subfield>
    <subfield code="e">rda</subfield>
    <subfield code="c">DLC</subfield>
    <subfield code="d">DNLM</subfield>
  </datafield>
  <datafield tag="100" ind1="1" ind2=" ">
    <subfield code="a">Shelton, Lawrence G.</subfield>
  </datafield>
  <datafield tag="670" ind1=" " ind2=" ">
    <subfield code="a">Teaching about adolescence, 1998:</subfield>
    <subfield code="b">CIP t.p. (Lawrence G. Shelton)</subfield>
  </datafield>
  <datafield tag="670" ind1=" " ind2=" ">
    <subfield code="a">The Bronfenbrenner primer, 2019:</subfield>
    <subfield code="b">title page (Lawrence G. Shelton) author page (a Developmental Psychologist who has taught in the human development and family studies program at the University of Vermont since 1971)</subfield>
  </datafield>
  <datafield tag="953" ind1=" " ind2=" ">
    <subfield code="a">sf02</subfield>
  </datafield>
</record>