
<record>
  <leader>01527cz  a2200289n  4500</leader>
  <controlfield tag="001">2319980</controlfield>
  <controlfield tag="003">DLC</controlfield>
  <controlfield tag="005">20200104073429.0</controlfield>
  <controlfield tag="008">990322n| azannaabn          |a aaa     c</controlfield>
  <datafield tag="010" ind1=" " ind2=" ">
    <subfield code="a">no 99020011 </subfield>
  </datafield>
  <datafield tag="016" ind1=" " ind2=" ">
    <subfield code="a">1027F1761E</subfield>
  </datafield>
  <datafield tag="035" ind1=" " ind2=" ">
    <subfield code="a">(OCoLC)oca04948615</subfield>
  </datafield>
  <datafield tag="040" ind1=" " ind2=" ">
    <subfield code="a">MoSpS-AV</subfield>
    <subfield code="b">eng</subfield>
    <subfield code="e">rda</subfield>
    <subfield code="c">MoSpS-AV</subfield>
    <subfield code="d">DNLM</subfield>
    <subfield code="d">CaOONL</subfield>
  </datafield>
  <datafield tag="042" ind1=" " ind2=" ">
    <subfield code="a">nlc</subfield>
  </datafield>
  <datafield tag="046" ind1=" " ind2=" ">
    <subfield code="f">1949</subfield>
    <subfield code="2">edtf</subfield>
  </datafield>
  <datafield tag="100" ind1="1" ind2=" ">
    <subfield code="a">Pellerin, Renée</subfield>
  </datafield>
  <datafield tag="370" ind1=" " ind2=" ">
    <subfield code="c">Canada</subfield>
    <subfield code="e">Toronto (Ont.)</subfield>
    <subfield code="f">Regina (Sask.)</subfield>
    <subfield code="f">Saskatoon (Sask.)</subfield>
    <subfield code="f">Halifax (N.S.)</subfield>
    <subfield code="2">naf</subfield>
  </datafield>
  <datafield tag="372" ind1=" " ind2=" ">
    <subfield code="a">Journalism</subfield>
    <subfield code="a">College teaching</subfield>
    <subfield code="a">Television--Production and direction</subfield>
    <subfield code="2">lcsh</subfield>
  </datafield>
  <datafield tag="373" ind1=" " ind2=" ">
    <subfield code="a">CBC News</subfield>
    <subfield code="a">University of Regina</subfield>
    <subfield code="a">Ryerson University</subfield>
    <subfield code="a">University of Saskatchewan</subfield>
    <subfield code="a">University of King&apos;s College (Halifax, N.S.)</subfield>
    <subfield code="2">naf</subfield>
  </datafield>
  <datafield tag="374" ind1=" " ind2=" ">
    <subfield code="a">College teachers</subfield>
    <subfield code="a">Journalism teachers</subfield>
    <subfield code="a">Television producers and directors</subfield>
    <subfield code="2">lcsh</subfield>
  </datafield>
  <datafield tag="377" ind1=" " ind2=" ">
    <subfield code="a">eng</subfield>
  </datafield>
  <datafield tag="400" ind1="1" ind2=" ">
    <subfield code="a">Pellerin, Renée,</subfield>
    <subfield code="d">1949-</subfield>
  </datafield>
  <datafield tag="670" ind1=" " ind2=" ">
    <subfield code="a">Herbal remedies [VR] 1998, c1997:</subfield>
    <subfield code="b">opening credits (producer, Renée Pellerin)</subfield>
  </datafield>
  <datafield tag="670" ind1=" " ind2=" ">
    <subfield code="a">Conspiracy of hope, 2018:</subfield>
    <subfield code="b">title page (Renée Pellerin) p. 4 of cover (award-winning television producer; formerly headed the Health Content Unit at CBC News and was a producer for Marketplace and the Fifth Estate)</subfield>
  </datafield>
  <datafield tag="670" ind1=" " ind2=" ">
    <subfield code="a">Canadiana, January 3, 2020</subfield>
    <subfield code="b">(heading: Pellerin, Renée, 1949-; Canadian; has taught journalism at the University of Regina and Ryerson University and holds degrees from the University of Saskatchewan and the University of King&apos;s College in Halifax; she lives in Toronto)</subfield>
  </datafield>
  <datafield tag="953" ind1=" " ind2=" ">
    <subfield code="a">xx00</subfield>
  </datafield>
  <datafield tag="985" ind1=" " ind2=" ">
    <subfield code="c">OCLC</subfield>
    <subfield code="e">LSPC</subfield>
  </datafield>
</record>