
<record>
  <leader>01322cz  a2200325n  4500</leader>
  <controlfield tag="001">2333342</controlfield>
  <controlfield tag="003">DLC</controlfield>
  <controlfield tag="005">20200104073347.0</controlfield>
  <controlfield tag="008">800625n| azannaabn          |a aaa      </controlfield>
  <datafield tag="010" ind1=" " ind2=" ">
    <subfield code="a">n  50032507 </subfield>
  </datafield>
  <datafield tag="016" ind1=" " ind2=" ">
    <subfield code="a">0103E3951E</subfield>
  </datafield>
  <datafield tag="035" ind1=" " ind2=" ">
    <subfield code="a">(OCoLC)oca00067855</subfield>
  </datafield>
  <datafield tag="040" ind1=" " ind2=" ">
    <subfield code="a">DLC</subfield>
    <subfield code="b">eng</subfield>
    <subfield code="e">rda</subfield>
    <subfield code="c">DLC</subfield>
    <subfield code="d">OCoLC</subfield>
    <subfield code="d">CaBViV</subfield>
    <subfield code="d">CaOONL</subfield>
  </datafield>
  <datafield tag="046" ind1=" " ind2=" ">
    <subfield code="f">1858?</subfield>
    <subfield code="g">1918</subfield>
    <subfield code="2">edtf</subfield>
  </datafield>
  <datafield tag="100" ind1="1" ind2=" ">
    <subfield code="a">Campbell, Wilfred,</subfield>
    <subfield code="d">1858?-1918</subfield>
  </datafield>
  <datafield tag="370" ind1=" " ind2=" ">
    <subfield code="c">Canada</subfield>
    <subfield code="2">naf</subfield>
  </datafield>
  <datafield tag="378" ind1=" " ind2=" ">
    <subfield code="q">William Wifred</subfield>
  </datafield>
  <datafield tag="400" ind1="1" ind2=" ">
    <subfield code="a">Campbell, Wilfrid,</subfield>
    <subfield code="d">1858?-1918</subfield>
  </datafield>
  <datafield tag="400" ind1="1" ind2=" ">
    <subfield code="a">Campbell, W. Wilfred</subfield>
    <subfield code="q">(William Wilfred),</subfield>
    <subfield code="d">1858?-1918</subfield>
  </datafield>
  <datafield tag="400" ind1="1" ind2=" ">
    <subfield code="w">nna</subfield>
    <subfield code="a">Campbell, William Wilfred,</subfield>
    <subfield code="d">1858?-1918</subfield>
  </datafield>
  <datafield tag="670" ind1=" " ind2=" ">
    <subfield code="a">His Lake lyrics, 1889.</subfield>
  </datafield>
  <datafield tag="670" ind1=" " ind2=" ">
    <subfield code="a">His The poetical works of Wilfred Campbell, 1923:</subfield>
    <subfield code="b">t.p. (Wilfred Campbell)</subfield>
  </datafield>
  <datafield tag="670" ind1=" " ind2=" ">
    <subfield code="a">His Poetical tragedies, 1908:</subfield>
    <subfield code="b">t.p. (Wilfred Campbell)</subfield>
  </datafield>
  <datafield tag="670" ind1=" " ind2=" ">
    <subfield code="a">His The poems of Wilfrid Campbell, 1905:</subfield>
    <subfield code="b">t.p. (Wilfrid Campbell)</subfield>
  </datafield>
  <datafield tag="670" ind1=" " ind2=" ">
    <subfield code="a">His Beyond the hills of dream, 1899:</subfield>
    <subfield code="b">t.p. (W. Wilfred Campbell)</subfield>
  </datafield>
  <datafield tag="670" ind1=" " ind2=" ">
    <subfield code="a">His The dread voyage, 1893:</subfield>
    <subfield code="b">t.p. (William Wilfred Campbell)</subfield>
  </datafield>
  <datafield tag="670" ind1=" " ind2=" ">
    <subfield code="a">Canadiana database, viewed 10 December 2019</subfield>
    <subfield code="b">(Authorized access point: Campbell, Wilfred, 1858-1918; variant year of birth, 1861; Canadian)</subfield>
  </datafield>
  <datafield tag="700" ind1="1" ind2="6">
    <subfield code="a">Campbell, Wilfred,</subfield>
    <subfield code="d">1858-1918</subfield>
    <subfield code="0">(CaOONL)ncf10108493</subfield>
  </datafield>
  <datafield tag="952" ind1=" " ind2=" ">
    <subfield code="a">RETRO</subfield>
  </datafield>
  <datafield tag="953" ind1=" " ind2=" ">
    <subfield code="a">xx00</subfield>
    <subfield code="b">bg06</subfield>
  </datafield>
</record>