
<record>
  <leader>01214cz  a2200313n  4500</leader>
  <controlfield tag="001">2340598</controlfield>
  <controlfield tag="003">DLC</controlfield>
  <controlfield tag="005">20200104073431.0</controlfield>
  <controlfield tag="008">780213n| azannaabn          |a aaa      </controlfield>
  <datafield tag="010" ind1=" " ind2=" ">
    <subfield code="a">n  78005507 </subfield>
  </datafield>
  <datafield tag="016" ind1=" " ind2=" ">
    <subfield code="a">0102G7054E</subfield>
  </datafield>
  <datafield tag="035" ind1=" " ind2=" ">
    <subfield code="a">(OCoLC)oca00142064</subfield>
  </datafield>
  <datafield tag="040" ind1=" " ind2=" ">
    <subfield code="a">DLC</subfield>
    <subfield code="b">eng</subfield>
    <subfield code="e">rda</subfield>
    <subfield code="c">DLC</subfield>
    <subfield code="d">DLC</subfield>
    <subfield code="d">UPB</subfield>
    <subfield code="d">CaBViV</subfield>
    <subfield code="d">CaOONL</subfield>
  </datafield>
  <datafield tag="046" ind1=" " ind2=" ">
    <subfield code="f">1940</subfield>
  </datafield>
  <datafield tag="100" ind1="1" ind2=" ">
    <subfield code="a">Rueter, William,</subfield>
    <subfield code="d">1940-</subfield>
  </datafield>
  <datafield tag="370" ind1=" " ind2=" ">
    <subfield code="f">Dundas, Ont.</subfield>
  </datafield>
  <datafield tag="372" ind1=" " ind2=" ">
    <subfield code="a">Letterpress printing</subfield>
    <subfield code="2">lcsh</subfield>
  </datafield>
  <datafield tag="373" ind1=" " ind2=" ">
    <subfield code="a">Aliquando Press</subfield>
    <subfield code="2">naf</subfield>
  </datafield>
  <datafield tag="374" ind1=" " ind2=" ">
    <subfield code="a">Printer</subfield>
  </datafield>
  <datafield tag="377" ind1=" " ind2=" ">
    <subfield code="a">eng</subfield>
  </datafield>
  <datafield tag="400" ind1="1" ind2=" ">
    <subfield code="a">Rueter, Will,</subfield>
    <subfield code="d">1940-</subfield>
  </datafield>
  <datafield tag="510" ind1="2" ind2=" ">
    <subfield code="w">r</subfield>
    <subfield code="i">Founded corporate body:</subfield>
    <subfield code="a">Aliquando Press</subfield>
  </datafield>
  <datafield tag="670" ind1=" " ind2=" ">
    <subfield code="a">Music divine, 1977 (a.e.)</subfield>
    <subfield code="b">t.p. (William Rueter)</subfield>
  </datafield>
  <datafield tag="670" ind1=" " ind2=" ">
    <subfield code="a">C 77-10740-0</subfield>
    <subfield code="b">(Rueter, William, 1940-)</subfield>
  </datafield>
  <datafield tag="670" ind1=" " ind2=" ">
    <subfield code="a">Aliquando Press, via WWW, 5 July 2013</subfield>
    <subfield code="b">(William Rueter; Will Rueter; Dundas, Ontario, Canada; dovecotte@cogeco.ca)</subfield>
  </datafield>
  <datafield tag="670" ind1=" " ind2=" ">
    <subfield code="a">The Aliquando century : the first 100 books from The Aliquando Press of William Rueter, 2008:</subfield>
    <subfield code="b">page 5 (founded the press in 1963)</subfield>
  </datafield>
  <datafield tag="670" ind1=" " ind2=" ">
    <subfield code="a">Canadiana database, viewed 03 December 2019</subfield>
    <subfield code="b">(Authorized access point: Rueter, William, 1940- ; Canadian)</subfield>
  </datafield>
  <datafield tag="700" ind1="1" ind2="6">
    <subfield code="a">Rueter, William,</subfield>
    <subfield code="d">1940-</subfield>
    <subfield code="0">(CaOONL)ncf10100948</subfield>
  </datafield>
  <datafield tag="953" ind1=" " ind2=" ">
    <subfield code="a">ea34</subfield>
    <subfield code="b">ea27</subfield>
  </datafield>
</record>