
<record>
  <leader>01797cz  a2200289n  4500</leader>
  <controlfield tag="001">2347835</controlfield>
  <controlfield tag="003">DLC</controlfield>
  <controlfield tag="005">20200104073434.0</controlfield>
  <controlfield tag="008">781031n| azannaabn          |a aaa      </controlfield>
  <datafield tag="010" ind1=" " ind2=" ">
    <subfield code="a">n  78080617 </subfield>
  </datafield>
  <datafield tag="035" ind1=" " ind2=" ">
    <subfield code="a">(OCoLC)oca00215937</subfield>
  </datafield>
  <datafield tag="040" ind1=" " ind2=" ">
    <subfield code="a">DLC</subfield>
    <subfield code="b">eng</subfield>
    <subfield code="e">rda</subfield>
    <subfield code="c">DLC</subfield>
    <subfield code="d">DLC</subfield>
    <subfield code="d">WaPS</subfield>
  </datafield>
  <datafield tag="100" ind1="1" ind2=" ">
    <subfield code="a">Stock, David E.</subfield>
  </datafield>
  <datafield tag="370" ind1=" " ind2=" ">
    <subfield code="c">United States</subfield>
    <subfield code="f">Pullman (Wash.)</subfield>
    <subfield code="2">naf</subfield>
  </datafield>
  <datafield tag="371" ind1=" " ind2=" ">
    <subfield code="a">School of Mechanical and Materials Engineering</subfield>
    <subfield code="a">Elec/mech 157</subfield>
    <subfield code="a">Washington State University</subfield>
    <subfield code="b">Pullman</subfield>
    <subfield code="c">WA</subfield>
    <subfield code="d">United States</subfield>
    <subfield code="e">99164-2920</subfield>
    <subfield code="m">stock@wsu.edu</subfield>
  </datafield>
  <datafield tag="372" ind1=" " ind2=" ">
    <subfield code="a">Mechanical engineering</subfield>
    <subfield code="2">lcsh</subfield>
  </datafield>
  <datafield tag="373" ind1=" " ind2=" ">
    <subfield code="a">Washington State University</subfield>
    <subfield code="2">naf</subfield>
    <subfield code="s">1972</subfield>
  </datafield>
  <datafield tag="373" ind1=" " ind2=" ">
    <subfield code="a">Oregon State University</subfield>
    <subfield code="2">naf</subfield>
  </datafield>
  <datafield tag="374" ind1=" " ind2=" ">
    <subfield code="a">Mechanical engineers</subfield>
    <subfield code="a">College teachers</subfield>
    <subfield code="2">lcsh</subfield>
  </datafield>
  <datafield tag="374" ind1=" " ind2=" ">
    <subfield code="a">University and college faculty members</subfield>
    <subfield code="2">lcdgt</subfield>
  </datafield>
  <datafield tag="377" ind1=" " ind2=" ">
    <subfield code="a">eng</subfield>
  </datafield>
  <datafield tag="400" ind1="1" ind2=" ">
    <subfield code="a">Stock, D. E.</subfield>
    <subfield code="q">(David E.)</subfield>
  </datafield>
  <datafield tag="670" ind1=" " ind2=" ">
    <subfield code="a">Symp. on Meas. in Polyp. Flows, S. Fran., 1978.</subfield>
    <subfield code="b">Measurements in ... c1978 (a.e.) t.p. (David E. Stock, Wash. St. U., Pullman)</subfield>
  </datafield>
  <datafield tag="670" ind1=" " ind2=" ">
    <subfield code="a">Symposium on Thermal Anemometry (1987 : Cincinnati, Ohio). Symposium on Thermal Anemometry, c1987:</subfield>
    <subfield code="b">t.p. (D.E. Stock; Wash. St. Univ.)</subfield>
  </datafield>
  <datafield tag="670" ind1=" " ind2=" ">
    <subfield code="a">Washington State University School of Mechanical and Materials Engineering (website), viewed Jan. 3, 2020:</subfield>
    <subfield code="b">Emeritus Faculty (David E. Stock--Emeritus Professor, stock@wsu.edu. Joined MME in 1972; Ph.D. in Mechanical Engineering from Oregon State University in 1972)</subfield>
    <subfield code="u">https://mme.wsu.edu/emeritus-faculty/</subfield>
  </datafield>
  <datafield tag="670" ind1=" " ind2=" ">
    <subfield code="a">Washington State University (website), viewed Jan. 3, 2020:</subfield>
    <subfield code="b">Directory (Stock, David E., Professor Emeritus, School of Mech and Matls Eng, Elec/mech 157, Pullman, WA 99164-2920, stock@wsu.edu)</subfield>
    <subfield code="u">https://search.wsu.edu/default.aspx?cx=013644890599324097824:kbqgwamjoxq&amp;cof=FORID%3A11&amp;q=Stock%2c+David&amp;sa=Search</subfield>
  </datafield>
  <datafield tag="953" ind1=" " ind2=" ">
    <subfield code="a">ba20</subfield>
    <subfield code="b">br31</subfield>
  </datafield>
</record>