
<record>
  <leader>00688cz  a2200169n  4500</leader>
  <controlfield tag="001">2362999</controlfield>
  <controlfield tag="003">DLC</controlfield>
  <controlfield tag="005">20200104073635.0</controlfield>
  <controlfield tag="008">791206n| azannaabn          |b aaa      </controlfield>
  <datafield tag="010" ind1=" " ind2=" ">
    <subfield code="a">n  79139837 </subfield>
  </datafield>
  <datafield tag="035" ind1=" " ind2=" ">
    <subfield code="a">(OCoLC)oca00371100</subfield>
  </datafield>
  <datafield tag="040" ind1=" " ind2=" ">
    <subfield code="a">DLC</subfield>
    <subfield code="b">eng</subfield>
    <subfield code="e">rda</subfield>
    <subfield code="c">DLC</subfield>
    <subfield code="d">OU</subfield>
  </datafield>
  <datafield tag="100" ind1="1" ind2=" ">
    <subfield code="a">Vossler, Otto,</subfield>
    <subfield code="d">1902-1987.</subfield>
    <subfield code="t">Amerikanischen Revolutionsideale in Ihren Verhältnis zu den Europäischen.</subfield>
    <subfield code="l">English</subfield>
  </datafield>
  <datafield tag="377" ind1=" " ind2=" ">
    <subfield code="a">eng</subfield>
  </datafield>
  <datafield tag="400" ind1="1" ind2=" ">
    <subfield code="a">Vossler, Otto,</subfield>
    <subfield code="d">1902-1987.</subfield>
    <subfield code="t">Jefferson and the American Revolutionary ideal</subfield>
  </datafield>
  <datafield tag="670" ind1=" " ind2=" ">
    <subfield code="a">Vossler, O. Jefferson and the American Revolutionary ideal, c1980:</subfield>
    <subfield code="b">CIP galley (Die Amerikanischen Revolutionsideale in Ihren Verhältnis zu den Europäischen)</subfield>
  </datafield>
  <datafield tag="953" ind1=" " ind2=" ">
    <subfield code="a">bd34</subfield>
  </datafield>
</record>