
<record>
  <leader>02066cz  a2200469n  4500</leader>
  <controlfield tag="001">2366341</controlfield>
  <controlfield tag="003">DLC</controlfield>
  <controlfield tag="005">20200104073408.0</controlfield>
  <controlfield tag="008">800225n| azannaabn          |b aaa      </controlfield>
  <datafield tag="010" ind1=" " ind2=" ">
    <subfield code="a">n  80022857 </subfield>
    <subfield code="z">no2002088445</subfield>
  </datafield>
  <datafield tag="035" ind1=" " ind2=" ">
    <subfield code="a">(OCoLC)oca00405183</subfield>
  </datafield>
  <datafield tag="040" ind1=" " ind2=" ">
    <subfield code="a">DLC</subfield>
    <subfield code="b">eng</subfield>
    <subfield code="e">rda</subfield>
    <subfield code="c">DLC</subfield>
    <subfield code="d">DLC</subfield>
    <subfield code="d">DLC-R</subfield>
    <subfield code="d">OCoLC</subfield>
    <subfield code="d">DLC</subfield>
    <subfield code="d">DHMM</subfield>
    <subfield code="d">NhD</subfield>
    <subfield code="d">OCoLC</subfield>
    <subfield code="d">DLC</subfield>
    <subfield code="d">WU</subfield>
  </datafield>
  <datafield tag="046" ind1=" " ind2=" ">
    <subfield code="f">1915</subfield>
    <subfield code="g">1979-08-19</subfield>
    <subfield code="2">edtf</subfield>
  </datafield>
  <datafield tag="053" ind1=" " ind2="0">
    <subfield code="a">PG3476.S53</subfield>
  </datafield>
  <datafield tag="100" ind1="1" ind2=" ">
    <subfield code="a">Simonov, Konstantin,</subfield>
    <subfield code="d">1915-1979</subfield>
  </datafield>
  <datafield tag="374" ind1=" " ind2=" ">
    <subfield code="a">Poets, Russian</subfield>
    <subfield code="a">Authors, Russian</subfield>
    <subfield code="2">lcsh</subfield>
  </datafield>
  <datafield tag="375" ind1=" " ind2=" ">
    <subfield code="a">Males</subfield>
    <subfield code="2">lcdgt</subfield>
  </datafield>
  <datafield tag="377" ind1=" " ind2=" ">
    <subfield code="a">rus</subfield>
  </datafield>
  <datafield tag="400" ind1="1" ind2=" ">
    <subfield code="a">Симонов, Константин,</subfield>
    <subfield code="d">1915-1979</subfield>
  </datafield>
  <datafield tag="400" ind1="1" ind2=" ">
    <subfield code="w">nne</subfield>
    <subfield code="a">Simonov, Konstantin Mikhaĭlovich,</subfield>
    <subfield code="d">1915-1979</subfield>
  </datafield>
  <datafield tag="400" ind1="1" ind2=" ">
    <subfield code="a">Simōnōpha, Kōṃstāntina,</subfield>
    <subfield code="d">1915-1979</subfield>
  </datafield>
  <datafield tag="400" ind1="1" ind2=" ">
    <subfield code="a">Simonov, Constantine,</subfield>
    <subfield code="d">1915-1979</subfield>
  </datafield>
  <datafield tag="400" ind1="1" ind2=" ">
    <subfield code="a">Simonov, K.,</subfield>
    <subfield code="d">1915-1979</subfield>
  </datafield>
  <datafield tag="400" ind1="1" ind2=" ">
    <subfield code="a">Simonov, K. M.</subfield>
    <subfield code="q">(Konstantin Mikhaĭlovich),</subfield>
    <subfield code="d">1915-1979</subfield>
  </datafield>
  <datafield tag="400" ind1="1" ind2=" ">
    <subfield code="a">Simonov, Kirill Mikhaĭlovich,</subfield>
    <subfield code="d">1915-1979</subfield>
  </datafield>
  <datafield tag="400" ind1="1" ind2=" ">
    <subfield code="a">Simonow, Konstantin,</subfield>
    <subfield code="d">1915-1979</subfield>
  </datafield>
  <datafield tag="400" ind1="1" ind2=" ">
    <subfield code="a">Simonow, Konstanty,</subfield>
    <subfield code="d">1915-1979</subfield>
  </datafield>
  <datafield tag="400" ind1="1" ind2=" ">
    <subfield code="a">Ximengnuofu,</subfield>
    <subfield code="d">1915-1979</subfield>
  </datafield>
  <datafield tag="400" ind1="1" ind2=" ">
    <subfield code="a">Ximengnuofu, Kang Mi,</subfield>
    <subfield code="d">1915-1979</subfield>
  </datafield>
  <datafield tag="400" ind1="1" ind2=" ">
    <subfield code="a">סינומוב, ק.</subfield>
  </datafield>
  <datafield tag="400" ind1="1" ind2=" ">
    <subfield code="a">סימונוב, קונסטאנטין</subfield>
  </datafield>
  <datafield tag="667" ind1=" " ind2=" ">
    <subfield code="a">Machine-derived non-Latin script reference project.</subfield>
  </datafield>
  <datafield tag="667" ind1=" " ind2=" ">
    <subfield code="a">Non-Latin script references not evaluated.</subfield>
  </datafield>
  <datafield tag="670" ind1=" " ind2=" ">
    <subfield code="a">Lirika ... 1942.</subfield>
  </datafield>
  <datafield tag="670" ind1=" " ind2=" ">
    <subfield code="a">Ėrenburg, I. In one newspaper, 1983 (a.e.)</subfield>
    <subfield code="b">CIP t.p. (Konstantin Simonov) CIP data sheet (d. Aug. 19, 1979)</subfield>
  </datafield>
  <datafield tag="670" ind1=" " ind2=" ">
    <subfield code="a">Zhivye i mertvye, 1981- :</subfield>
    <subfield code="b">v. 3, t.p. (Konstantin Simonov) colophon (Konstantin Mikhaĭlovich Simonov) USSR CIP data (Simonov, K. M.)</subfield>
  </datafield>
  <datafield tag="670" ind1=" " ind2=" ">
    <subfield code="a">Chan tou cho ti Chung-kuo, 1983?:</subfield>
    <subfield code="b">t.p. (Hsi-meng-no-fu)</subfield>
  </datafield>
  <datafield tag="670" ind1=" " ind2=" ">
    <subfield code="a">Wo che tai jen ti chien cheng, 1992:</subfield>
    <subfield code="b">t.p. (Kʻang Mi Hsi-meng-no-fu)</subfield>
  </datafield>
  <datafield tag="670" ind1=" " ind2=" ">
    <subfield code="a">Lubliner farnikhṭungs-lager Maydaneḳ, 1944:</subfield>
    <subfield code="b">p. 3 (K. Simonov)</subfield>
  </datafield>
  <datafield tag="670" ind1=" " ind2=" ">
    <subfield code="a">Lublin extermination camp, 1944:</subfield>
    <subfield code="b">t.p. (Constantine Simonov, special correspondent of the &quot;Krasnaya Zvezda&quot;)</subfield>
  </datafield>
  <datafield tag="952" ind1=" " ind2=" ">
    <subfield code="a">RETRO</subfield>
  </datafield>
  <datafield tag="953" ind1=" " ind2=" ">
    <subfield code="a">xx00</subfield>
    <subfield code="b">ta30</subfield>
  </datafield>
</record>