
<record>
  <leader>02164cz  a2200433n  4500</leader>
  <controlfield tag="001">2382981</controlfield>
  <controlfield tag="003">DLC</controlfield>
  <controlfield tag="005">20200104073405.0</controlfield>
  <controlfield tag="008">810811nc azannaabn          |b aaa      </controlfield>
  <datafield tag="010" ind1=" " ind2=" ">
    <subfield code="a">n  81029057 </subfield>
  </datafield>
  <datafield tag="035" ind1=" " ind2=" ">
    <subfield code="a">(OCoLC)oca00574794</subfield>
  </datafield>
  <datafield tag="040" ind1=" " ind2=" ">
    <subfield code="a">DLC</subfield>
    <subfield code="b">eng</subfield>
    <subfield code="e">rda</subfield>
    <subfield code="c">DLC</subfield>
    <subfield code="d">DLC</subfield>
    <subfield code="d">OCoLC</subfield>
    <subfield code="d">DLC</subfield>
    <subfield code="d">OCoLC</subfield>
    <subfield code="d">HkUST</subfield>
    <subfield code="d">UPB</subfield>
    <subfield code="d">DLC</subfield>
    <subfield code="d">MH</subfield>
  </datafield>
  <datafield tag="046" ind1=" " ind2=" ">
    <subfield code="f">1898</subfield>
    <subfield code="g">19681210</subfield>
  </datafield>
  <datafield tag="053" ind1=" " ind2="0">
    <subfield code="a">PL2812.I4</subfield>
  </datafield>
  <datafield tag="100" ind1="1" ind2=" ">
    <subfield code="a">Tian, Han,</subfield>
    <subfield code="d">1898-1968</subfield>
  </datafield>
  <datafield tag="370" ind1=" " ind2=" ">
    <subfield code="a">Hunan Sheng, China</subfield>
  </datafield>
  <datafield tag="374" ind1=" " ind2=" ">
    <subfield code="a">Playwright</subfield>
    <subfield code="a">Author</subfield>
  </datafield>
  <datafield tag="375" ind1=" " ind2=" ">
    <subfield code="a">male</subfield>
  </datafield>
  <datafield tag="377" ind1=" " ind2=" ">
    <subfield code="a">chi</subfield>
  </datafield>
  <datafield tag="400" ind1="1" ind2=" ">
    <subfield code="w">nne</subfield>
    <subfield code="a">Tʻien, Han,</subfield>
    <subfield code="d">1898-1968</subfield>
  </datafield>
  <datafield tag="400" ind1="1" ind2=" ">
    <subfield code="a">Ti︠a︡nʹ, Khanʹ,</subfield>
    <subfield code="d">1898-1968</subfield>
  </datafield>
  <datafield tag="400" ind1="0" ind2=" ">
    <subfield code="a">Tianhan,</subfield>
    <subfield code="d">1898-1968</subfield>
  </datafield>
  <datafield tag="400" ind1="1" ind2=" ">
    <subfield code="a">田汉,</subfield>
    <subfield code="d">1898-1968</subfield>
  </datafield>
  <datafield tag="400" ind1="1" ind2=" ">
    <subfield code="a">田漢,</subfield>
    <subfield code="d">1898-1968</subfield>
  </datafield>
  <datafield tag="400" ind1="1" ind2=" ">
    <subfield code="a">Tian, Shouchang,</subfield>
    <subfield code="d">1898-1968</subfield>
  </datafield>
  <datafield tag="400" ind1="1" ind2=" ">
    <subfield code="a">Tian, Shou-chʻang,</subfield>
    <subfield code="d">1898-1968</subfield>
  </datafield>
  <datafield tag="400" ind1="1" ind2=" ">
    <subfield code="a">田寿昌,</subfield>
    <subfield code="d">1898-1968</subfield>
  </datafield>
  <datafield tag="400" ind1="1" ind2=" ">
    <subfield code="w">nnaa</subfield>
    <subfield code="a">Tʻien, Han,</subfield>
    <subfield code="d">1899-</subfield>
  </datafield>
  <datafield tag="400" ind1="1" ind2=" ">
    <subfield code="a">Han, Tien,</subfield>
    <subfield code="d">1898-1968</subfield>
  </datafield>
  <datafield tag="667" ind1=" " ind2=" ">
    <subfield code="a">Machine-derived non-Latin script reference project.</subfield>
  </datafield>
  <datafield tag="667" ind1=" " ind2=" ">
    <subfield code="a">Non-Latin script references not evaluated.</subfield>
  </datafield>
  <datafield tag="667" ind1=" " ind2=" ">
    <subfield code="a">Non-Latin script references reviewed in NACO CJK Funnel References Project.</subfield>
  </datafield>
  <datafield tag="670" ind1=" " ind2=" ">
    <subfield code="a">His Ming yu chih ssu, 1957:</subfield>
    <subfield code="b">(田汉 = Tʻien Han)</subfield>
  </datafield>
  <datafield tag="670" ind1=" " ind2=" ">
    <subfield code="a">Tzʻu hai, 1979:</subfield>
    <subfield code="b">p. 3824 (田汉 = Tʻien Han, 1898-1968, tzu 寿昌 = Shou-chʻang)</subfield>
  </datafield>
  <datafield tag="670" ind1=" " ind2=" ">
    <subfield code="a">Tʻien Han Kuang Wei-jan ko tzʻu hsüan, 1985:</subfield>
    <subfield code="b">t.p. (田汉 = Tʻien Han, Tianhan)</subfield>
  </datafield>
  <datafield tag="670" ind1=" " ind2=" ">
    <subfield code="a">Ming you zhi si, 2010:</subfield>
    <subfield code="b">title page (田汉 = Tian Han) group 1 page 1 (born 1898 in Hunan, died 12/10/1968; male; zi 寿昌 = Shouchang; playwright; author)</subfield>
  </datafield>
  <datafield tag="670" ind1=" " ind2=" ">
    <subfield code="a">Wikipedia, 05-02-2014:</subfield>
    <subfield code="b">(Tian Han; b. 12 March 1898; d. 10 December 1968; born in Changsha, Hunan; was a Chinese drama activist, playwright, a leader of revolutionary music and films, as well as a translator and poet; Tian contributed a great deal to the development of Chinese modern drama as well as Chinese opera; wrote the lyrics for March of the Volunteers in 1934, the national anthem of the People&apos;s Republic of China)</subfield>
  </datafield>
  <datafield tag="670" ind1=" " ind2=" ">
    <subfield code="a">OCLC #22935483, December 19, 2019</subfield>
    <subfield code="b">(access point: 田汉, 1898-1968 = Tian, Han, 1898-1968; usage: 田汉 = Tian Han)</subfield>
  </datafield>
  <datafield tag="952" ind1=" " ind2=" ">
    <subfield code="a">RETRO</subfield>
  </datafield>
</record>