
<record>
  <leader>01464cz  a2200349n  4500</leader>
  <controlfield tag="001">2387067</controlfield>
  <controlfield tag="003">DLC</controlfield>
  <controlfield tag="005">20200104073408.0</controlfield>
  <controlfield tag="008">810901nc azannaabn          |b aaa      </controlfield>
  <datafield tag="010" ind1=" " ind2=" ">
    <subfield code="a">n  81070927 </subfield>
  </datafield>
  <datafield tag="035" ind1=" " ind2=" ">
    <subfield code="a">(OCoLC)oca00616242</subfield>
  </datafield>
  <datafield tag="040" ind1=" " ind2=" ">
    <subfield code="a">DLC</subfield>
    <subfield code="b">eng</subfield>
    <subfield code="e">rda</subfield>
    <subfield code="c">DLC</subfield>
    <subfield code="d">OCoLC</subfield>
    <subfield code="d">HkUST</subfield>
    <subfield code="d">OCoLC</subfield>
    <subfield code="d">HkUST</subfield>
    <subfield code="d">DLC</subfield>
    <subfield code="d">InU</subfield>
    <subfield code="d">MH</subfield>
  </datafield>
  <datafield tag="046" ind1=" " ind2=" ">
    <subfield code="s">1690</subfield>
    <subfield code="t">1694</subfield>
  </datafield>
  <datafield tag="100" ind1="1" ind2=" ">
    <subfield code="a">Tao, Shiyu,</subfield>
    <subfield code="d">active 1690-1694</subfield>
  </datafield>
  <datafield tag="400" ind1="1" ind2=" ">
    <subfield code="a">Tao, Cunzhai,</subfield>
    <subfield code="d">active 1690-1694</subfield>
  </datafield>
  <datafield tag="400" ind1="1" ind2=" ">
    <subfield code="w">nnea</subfield>
    <subfield code="a">Tʻao, Shih-yü,</subfield>
    <subfield code="d">fl. 1690-1694</subfield>
  </datafield>
  <datafield tag="400" ind1="1" ind2=" ">
    <subfield code="w">nnea</subfield>
    <subfield code="a">Tao, Shiyu,</subfield>
    <subfield code="d">fl. 1690-1694</subfield>
  </datafield>
  <datafield tag="400" ind1="1" ind2=" ">
    <subfield code="a">Tō, Shikigyoku,</subfield>
    <subfield code="d">active 1690-1694</subfield>
  </datafield>
  <datafield tag="400" ind1="1" ind2=" ">
    <subfield code="a">To, Sig-ok,</subfield>
    <subfield code="d">active 1690-1694</subfield>
  </datafield>
  <datafield tag="400" ind1="1" ind2=" ">
    <subfield code="a">Tao, Susi,</subfield>
    <subfield code="d">active 1690-1694</subfield>
  </datafield>
  <datafield tag="400" ind1="1" ind2=" ">
    <subfield code="a">陶存齋,</subfield>
    <subfield code="d">active 1690-1694</subfield>
  </datafield>
  <datafield tag="400" ind1="1" ind2=" ">
    <subfield code="a">陶式玉,</subfield>
    <subfield code="d">active 1690-1694</subfield>
  </datafield>
  <datafield tag="400" ind1="1" ind2=" ">
    <subfield code="a">陶素耜,</subfield>
    <subfield code="d">active 1690-1694</subfield>
  </datafield>
  <datafield tag="667" ind1=" " ind2=" ">
    <subfield code="a">Machine-derived non-Latin script reference project.</subfield>
  </datafield>
  <datafield tag="667" ind1=" " ind2=" ">
    <subfield code="a">Non-Latin script references not evaluated.</subfield>
  </datafield>
  <datafield tag="667" ind1=" " ind2=" ">
    <subfield code="a">Non-Latin script references reviewed in NACO CJK Funnel References Project.</subfield>
  </datafield>
  <datafield tag="670" ind1=" " ind2=" ">
    <subfield code="a">Kuo, P. Kuan tzu pʻu, 1963.</subfield>
  </datafield>
  <datafield tag="670" ind1=" " ind2=" ">
    <subfield code="a">Guan zi pu [in Xu xiu Si ku quan shu, v. 1101], 2002:</subfield>
    <subfield code="b">t.p. (陶式玉 = Tao Shiyu) orig. t.p. (Kuaiji 陶存齋 = Tao Cunzhai)</subfield>
  </datafield>
  <datafield tag="670" ind1=" " ind2=" ">
    <subfield code="a">Dao yan wu zhong, 2011:</subfield>
    <subfield code="b">t.p. (陶素耜 = Tao Susi)</subfield>
  </datafield>
  <datafield tag="670" ind1=" " ind2=" ">
    <subfield code="a">OCLC #13216677, November 21, 2019</subfield>
    <subfield code="b">(access point: 陶式玉, active 1690-1694 = Tao, Shiyu, active 1690-1694; usage: 陶式玉 = Tao Shiyu)</subfield>
  </datafield>
  <datafield tag="952" ind1=" " ind2=" ">
    <subfield code="a">RETRO</subfield>
  </datafield>
  <datafield tag="953" ind1=" " ind2=" ">
    <subfield code="a">xx00</subfield>
  </datafield>
</record>