
<record>
  <leader>00841cz  a2200193n  4500</leader>
  <controlfield tag="001">2408911</controlfield>
  <controlfield tag="003">DLC</controlfield>
  <controlfield tag="005">20200104073418.0</controlfield>
  <controlfield tag="008">830119n| azannaabn          |n aaa      </controlfield>
  <datafield tag="010" ind1=" " ind2=" ">
    <subfield code="a">n  82141307 </subfield>
  </datafield>
  <datafield tag="035" ind1=" " ind2=" ">
    <subfield code="a">(OCoLC)oca00837430</subfield>
  </datafield>
  <datafield tag="040" ind1=" " ind2=" ">
    <subfield code="a">DLC</subfield>
    <subfield code="b">eng</subfield>
    <subfield code="e">rda</subfield>
    <subfield code="c">DLC</subfield>
    <subfield code="d">DLC</subfield>
    <subfield code="d">Uk</subfield>
    <subfield code="d">MH</subfield>
  </datafield>
  <datafield tag="046" ind1=" " ind2=" ">
    <subfield code="f">1936-08-06</subfield>
    <subfield code="g">2019-12-25</subfield>
    <subfield code="2">edtf</subfield>
  </datafield>
  <datafield tag="100" ind1="1" ind2=" ">
    <subfield code="a">Greider, William</subfield>
  </datafield>
  <datafield tag="370" ind1=" " ind2=" ">
    <subfield code="a">Cincinnati (Ohio)</subfield>
    <subfield code="b">Washington (D.C.)</subfield>
    <subfield code="2">naf</subfield>
  </datafield>
  <datafield tag="670" ind1=" " ind2=" ">
    <subfield code="a">His The education of David Stockman and other Americans, c1982:</subfield>
    <subfield code="b">t.p. (William Greider)</subfield>
  </datafield>
  <datafield tag="670" ind1=" " ind2=" ">
    <subfield code="a">His Who will tell the people, 1992:</subfield>
    <subfield code="b">CIP t.p. (William B. Greider) book t.p. (William Greider)</subfield>
  </datafield>
  <datafield tag="670" ind1=" " ind2=" ">
    <subfield code="a">Boston Sunday globe, Dec. 29, 2019:</subfield>
    <subfield code="b">p. A21 (obituary: reporter, editor, and popular author; William Harold Greider b. Aug. 6, 1936 in Cincinnati; d. Wednesday [Dec. 25, 2019] in Washington)</subfield>
  </datafield>
  <datafield tag="953" ind1=" " ind2=" ">
    <subfield code="a">ba22</subfield>
    <subfield code="b">be27</subfield>
  </datafield>
</record>