
<record>
  <leader>00889cz  a2200253n  4500</leader>
  <controlfield tag="001">2420401</controlfield>
  <controlfield tag="003">DLC</controlfield>
  <controlfield tag="005">20200104073422.0</controlfield>
  <controlfield tag="008">830413nc azannaabn          |a aaa      </controlfield>
  <datafield tag="010" ind1=" " ind2=" ">
    <subfield code="a">n  83047407 </subfield>
  </datafield>
  <datafield tag="035" ind1=" " ind2=" ">
    <subfield code="a">(OCoLC)oca00934587</subfield>
  </datafield>
  <datafield tag="040" ind1=" " ind2=" ">
    <subfield code="a">DLC</subfield>
    <subfield code="b">eng</subfield>
    <subfield code="e">rda</subfield>
    <subfield code="c">DLC</subfield>
    <subfield code="d">OCoLC</subfield>
    <subfield code="d">HkUST</subfield>
    <subfield code="d">DLC</subfield>
    <subfield code="d">MH</subfield>
  </datafield>
  <datafield tag="100" ind1="1" ind2=" ">
    <subfield code="a">Wang, Ang,</subfield>
    <subfield code="d">1615-</subfield>
    <subfield code="t">Tang tou ge jue</subfield>
  </datafield>
  <datafield tag="400" ind1="1" ind2=" ">
    <subfield code="a">汪昂,</subfield>
    <subfield code="d">1615-</subfield>
    <subfield code="t">湯頭歌訣</subfield>
  </datafield>
  <datafield tag="400" ind1="1" ind2=" ">
    <subfield code="a">汪昂,</subfield>
    <subfield code="d">1615-</subfield>
    <subfield code="t">汤头歌诀</subfield>
  </datafield>
  <datafield tag="400" ind1="1" ind2=" ">
    <subfield code="a">Wang, Ang,</subfield>
    <subfield code="d">1615-</subfield>
    <subfield code="t">&quot;Tang tou ge jue&quot; xin yi</subfield>
  </datafield>
  <datafield tag="400" ind1="1" ind2=" ">
    <subfield code="a">Wang, Ang,</subfield>
    <subfield code="d">1615-</subfield>
    <subfield code="t">Xin zeng yi fang Tang tou ge jue</subfield>
  </datafield>
  <datafield tag="400" ind1="1" ind2=" ">
    <subfield code="a">Wang, Ang,</subfield>
    <subfield code="d">1615-</subfield>
    <subfield code="t">Zeng ding Tang tou ge jue</subfield>
  </datafield>
  <datafield tag="400" ind1="1" ind2=" ">
    <subfield code="w">nnea</subfield>
    <subfield code="a">Wang, Ang,</subfield>
    <subfield code="d">b. 1615.</subfield>
    <subfield code="t">Tang tou ge jue</subfield>
  </datafield>
  <datafield tag="400" ind1="1" ind2=" ">
    <subfield code="w">nnea</subfield>
    <subfield code="a">Wang, Ang,</subfield>
    <subfield code="d">b. 1615.</subfield>
    <subfield code="t">Tʻang tʻou ko chüeh</subfield>
  </datafield>
  <datafield tag="670" ind1=" " ind2=" ">
    <subfield code="a">His Tseng ting Tʻang tʻou ko chüeh, 1975.</subfield>
  </datafield>
  <datafield tag="670" ind1=" " ind2=" ">
    <subfield code="a">His &quot;Tʻang tʻou ko chüeh&quot; hsin i, 1981.</subfield>
  </datafield>
  <datafield tag="952" ind1=" " ind2=" ">
    <subfield code="a">RETRO</subfield>
  </datafield>
  <datafield tag="953" ind1=" " ind2=" ">
    <subfield code="a">xx00</subfield>
  </datafield>
</record>