
<record>
  <leader>02131cz  a2200421n  4500</leader>
  <controlfield tag="001">2424607</controlfield>
  <controlfield tag="003">DLC</controlfield>
  <controlfield tag="005">20200104073423.0</controlfield>
  <controlfield tag="008">831121n| azannaabn          |b aaa     c</controlfield>
  <datafield tag="010" ind1=" " ind2=" ">
    <subfield code="a">n  83147207 </subfield>
  </datafield>
  <datafield tag="035" ind1=" " ind2=" ">
    <subfield code="a">(OCoLC)oca00975727</subfield>
  </datafield>
  <datafield tag="040" ind1=" " ind2=" ">
    <subfield code="a">MiU</subfield>
    <subfield code="b">eng</subfield>
    <subfield code="e">rda</subfield>
    <subfield code="c">DLC</subfield>
    <subfield code="d">DLC</subfield>
    <subfield code="d">IU</subfield>
    <subfield code="d">DLC</subfield>
    <subfield code="d">OCoLC</subfield>
    <subfield code="d">WU</subfield>
    <subfield code="d">OCoLC</subfield>
    <subfield code="d">WU</subfield>
    <subfield code="d">InU</subfield>
    <subfield code="d">ICU</subfield>
    <subfield code="d">WU</subfield>
    <subfield code="d">NjP</subfield>
    <subfield code="d">DLC</subfield>
    <subfield code="d">WU</subfield>
  </datafield>
  <datafield tag="046" ind1=" " ind2=" ">
    <subfield code="f">1937-05-27</subfield>
    <subfield code="g">2018-12-03</subfield>
    <subfield code="2">edtf</subfield>
  </datafield>
  <datafield tag="053" ind1=" " ind2="0">
    <subfield code="a">PG3479.4.I8</subfield>
  </datafield>
  <datafield tag="100" ind1="1" ind2=" ">
    <subfield code="a">Bitov, Andreĭ</subfield>
  </datafield>
  <datafield tag="370" ind1=" " ind2=" ">
    <subfield code="a">Saint Petersburg (Russia)</subfield>
    <subfield code="b">Moscow (Russia)</subfield>
    <subfield code="c">Soviet Union</subfield>
    <subfield code="c">Russia (Federation)</subfield>
    <subfield code="2">naf</subfield>
  </datafield>
  <datafield tag="374" ind1=" " ind2=" ">
    <subfield code="a">Authors, Russian</subfield>
    <subfield code="2">lcsh</subfield>
  </datafield>
  <datafield tag="375" ind1=" " ind2=" ">
    <subfield code="a">Males</subfield>
    <subfield code="2">lcdgt</subfield>
  </datafield>
  <datafield tag="377" ind1=" " ind2=" ">
    <subfield code="a">rus</subfield>
  </datafield>
  <datafield tag="378" ind1=" " ind2=" ">
    <subfield code="q">Andreĭ Georgievich</subfield>
  </datafield>
  <datafield tag="400" ind1="1" ind2=" ">
    <subfield code="a">Битов, Андрей</subfield>
  </datafield>
  <datafield tag="400" ind1="1" ind2=" ">
    <subfield code="a">Bitov, Andrej</subfield>
  </datafield>
  <datafield tag="400" ind1="1" ind2=" ">
    <subfield code="a">Bitovi, Andria Giorgis że</subfield>
  </datafield>
  <datafield tag="400" ind1="1" ind2=" ">
    <subfield code="a">Битов, А. Г.</subfield>
    <subfield code="q">(Андрей Георгиевич)</subfield>
  </datafield>
  <datafield tag="400" ind1="1" ind2=" ">
    <subfield code="a">Bitov, A. G.</subfield>
    <subfield code="q">(Andreĭ Georgievich)</subfield>
  </datafield>
  <datafield tag="400" ind1="1" ind2=" ">
    <subfield code="a">Bitow, Andrej</subfield>
  </datafield>
  <datafield tag="667" ind1=" " ind2=" ">
    <subfield code="a">Non-Latin script references not evaluated.</subfield>
  </datafield>
  <datafield tag="670" ind1=" " ind2=" ">
    <subfield code="a">Ugrešić, D. Nova ruska proza, 1980:</subfield>
    <subfield code="b">p. 5 (Andreja Bitova)</subfield>
  </datafield>
  <datafield tag="670" ind1=" " ind2=" ">
    <subfield code="a">Semʹ puteshestviĭ, 1976:</subfield>
    <subfield code="b">t.p. (Andreĭ Bitov) colophon (Andreĭ Georgievich Bitov)</subfield>
  </datafield>
  <datafield tag="670" ind1=" " ind2=" ">
    <subfield code="a">Selected short stories, 1985:</subfield>
    <subfield code="b">CIP t.p. (Andrei Bitov)</subfield>
  </datafield>
  <datafield tag="670" ind1=" " ind2=" ">
    <subfield code="a">Gruzinskiĭ alʹbom, 1985:</subfield>
    <subfield code="b">t.p. (Andreĭ Bitov) colophon (Andria Giorgis że Bitovi)</subfield>
  </datafield>
  <datafield tag="670" ind1=" " ind2=" ">
    <subfield code="a">Zhiznʹ v vetrenui︠u︡ pogodu, 1991:</subfield>
    <subfield code="b">t.p. (Andreĭ Bitov) colophon (Bitov A.)</subfield>
  </datafield>
  <datafield tag="670" ind1=" " ind2=" ">
    <subfield code="a">Captive of the Caucasus, 1992:</subfield>
    <subfield code="b">t.p. (Andrei Bitov) jacket (b. 1937 in Leningrad)</subfield>
  </datafield>
  <datafield tag="670" ind1=" " ind2=" ">
    <subfield code="a">Obosnovannai︠a︡ revnostʹ, 1998:</subfield>
    <subfield code="b">t.p. (A.G. Bitov) colophon (Bitov Andreĭ Georgievich)</subfield>
  </datafield>
  <datafield tag="670" ind1=" " ind2=" ">
    <subfield code="a">Puteshestvie iz Rossi, 2009:</subfield>
    <subfield code="b">jacket (b. 1937)</subfield>
  </datafield>
  <datafield tag="670" ind1=" " ind2=" ">
    <subfield code="a">Der Symmetrielehrer, 2012:</subfield>
    <subfield code="b">t.p. (Andrej Bitow)</subfield>
  </datafield>
  <datafield tag="670" ind1=" " ind2=" ">
    <subfield code="a">New York times WWW site, viewed Dec. 6, 2018</subfield>
    <subfield code="b">(in obituary published Dec. 5: Andrei Bitov; b. Andrei Georgievich Bitov, May 27, 1937, Leningrad; d. Monday [Dec. 3, 2018], Moscow, aged 81; Russian writer whose work, whether elaborate travelogue or intricate novel, was full of insights into his country&apos;s history and literature)</subfield>
  </datafield>
  <datafield tag="953" ind1=" " ind2=" ">
    <subfield code="a">bz66</subfield>
    <subfield code="b">le04</subfield>
  </datafield>
</record>