
<record>
  <leader>01012cz  a2200241n  4500</leader>
  <controlfield tag="001">2456970</controlfield>
  <controlfield tag="003">DLC</controlfield>
  <controlfield tag="005">20200104073331.0</controlfield>
  <controlfield tag="008">850322n| acannaabn          |a aaa      </controlfield>
  <datafield tag="010" ind1=" " ind2=" ">
    <subfield code="a">n  85013167 </subfield>
  </datafield>
  <datafield tag="016" ind1=" " ind2=" ">
    <subfield code="a">0103C8025E</subfield>
  </datafield>
  <datafield tag="035" ind1=" " ind2=" ">
    <subfield code="a">(OCoLC)oca01295548</subfield>
  </datafield>
  <datafield tag="040" ind1=" " ind2=" ">
    <subfield code="a">DLC</subfield>
    <subfield code="b">eng</subfield>
    <subfield code="c">DLC</subfield>
    <subfield code="d">DLC</subfield>
    <subfield code="d">CaOONL</subfield>
  </datafield>
  <datafield tag="042" ind1=" " ind2=" ">
    <subfield code="a">nlc</subfield>
  </datafield>
  <datafield tag="046" ind1=" " ind2=" ">
    <subfield code="f">1936-05-29</subfield>
    <subfield code="2">edtf</subfield>
  </datafield>
  <datafield tag="100" ind1="1" ind2=" ">
    <subfield code="a">Jackson, Robert J.,</subfield>
    <subfield code="d">1936-</subfield>
  </datafield>
  <datafield tag="373" ind1=" " ind2=" ">
    <subfield code="a">University of Redlands</subfield>
  </datafield>
  <datafield tag="400" ind1="1" ind2=" ">
    <subfield code="a">Jackson, R. J.</subfield>
    <subfield code="q">(Robert J.),</subfield>
    <subfield code="d">1936-</subfield>
  </datafield>
  <datafield tag="670" ind1=" " ind2=" ">
    <subfield code="a">Continuity of discord, 1985:</subfield>
    <subfield code="b">CIP t.p. (Robert J. Jackson) pub. info. (Dept. of Poli. Sci., Carleton Univ., Ottawa, Canada)</subfield>
  </datafield>
  <datafield tag="670" ind1=" " ind2=" ">
    <subfield code="a">LC data base, 3/20/85</subfield>
    <subfield code="b">(hdg.: Jackson, Robert J., 1936- )</subfield>
  </datafield>
  <datafield tag="670" ind1=" " ind2=" ">
    <subfield code="a">The Politicization of business in Western Europe, c1987:</subfield>
    <subfield code="b">CIP t.p. (R.J. Jackson) CIP galley (prof. of pol. sci. at Carleton Univ., Ottawa, Canada)</subfield>
  </datafield>
  <datafield tag="670" ind1=" " ind2=" ">
    <subfield code="a">Global politics in the 21st century, 2013:</subfield>
    <subfield code="b">ECIP t.p. (Robert J. Jackson; University of Redlands) data view (b. May 29, 1936)</subfield>
  </datafield>
  <datafield tag="953" ind1=" " ind2=" ">
    <subfield code="a">br07</subfield>
    <subfield code="b">rg11</subfield>
  </datafield>
</record>