
<record>
  <leader>01333cz  a2200265n  4500</leader>
  <controlfield tag="001">2473261</controlfield>
  <controlfield tag="003">DLC</controlfield>
  <controlfield tag="005">20200104073334.0</controlfield>
  <controlfield tag="008">851101n| azannaabn          |a aaa      </controlfield>
  <datafield tag="010" ind1=" " ind2=" ">
    <subfield code="a">n  85220457 </subfield>
  </datafield>
  <datafield tag="035" ind1=" " ind2=" ">
    <subfield code="a">(OCoLC)oca01454817</subfield>
  </datafield>
  <datafield tag="040" ind1=" " ind2=" ">
    <subfield code="a">DLC</subfield>
    <subfield code="b">eng</subfield>
    <subfield code="e">rda</subfield>
    <subfield code="c">DLC</subfield>
    <subfield code="d">DLC</subfield>
    <subfield code="d">MoSU</subfield>
  </datafield>
  <datafield tag="046" ind1=" " ind2=" ">
    <subfield code="f">1909-10-06</subfield>
    <subfield code="g">1996-04-22</subfield>
    <subfield code="2">edtf</subfield>
  </datafield>
  <datafield tag="100" ind1="1" ind2=" ">
    <subfield code="a">Ciappi, Mario Luigi</subfield>
  </datafield>
  <datafield tag="370" ind1=" " ind2=" ">
    <subfield code="a">Florence (Italy)</subfield>
    <subfield code="b">Rome (Italy)</subfield>
    <subfield code="c">Italy</subfield>
    <subfield code="c">Vatican City</subfield>
    <subfield code="2">naf</subfield>
  </datafield>
  <datafield tag="373" ind1=" " ind2=" ">
    <subfield code="a">Dominicans</subfield>
    <subfield code="2">naf</subfield>
    <subfield code="s">1925-10-04</subfield>
    <subfield code="t">1996-04-22</subfield>
  </datafield>
  <datafield tag="374" ind1=" " ind2=" ">
    <subfield code="a">Cardinals</subfield>
    <subfield code="2">lcsh</subfield>
    <subfield code="s">1977-06-27</subfield>
    <subfield code="t">1996-04-22</subfield>
  </datafield>
  <datafield tag="374" ind1=" " ind2=" ">
    <subfield code="a">Priests</subfield>
    <subfield code="2">lcsh</subfield>
    <subfield code="s">1932-03-26</subfield>
    <subfield code="t">1996-04-22</subfield>
  </datafield>
  <datafield tag="377" ind1=" " ind2=" ">
    <subfield code="a">ita</subfield>
  </datafield>
  <datafield tag="400" ind1="1" ind2=" ">
    <subfield code="a">Ciappi, Luigi,</subfield>
    <subfield code="d">1909-1996</subfield>
  </datafield>
  <datafield tag="670" ind1=" " ind2=" ">
    <subfield code="a">Towards a civilization of love, 1985:</subfield>
    <subfield code="b">title page (Mario Luigi Ciappi) page 9 (Mario Luigi Cardinal Ciappi, O.P.)</subfield>
  </datafield>
  <datafield tag="670" ind1=" " ind2=" ">
    <subfield code="a">Miravalle, Mark I. Mary: coredemtrix, mediatrix, advocate, 1993:</subfield>
    <subfield code="b">title page (foreword by Luigi Cardinal Ciappi, O.P.)</subfield>
  </datafield>
  <datafield tag="670" ind1=" " ind2=" ">
    <subfield code="a">Vita religiosa e santità, 1970:</subfield>
    <subfield code="b">title page (Luigi Ciappi)</subfield>
  </datafield>
  <datafield tag="670" ind1=" " ind2=" ">
    <subfield code="a">Italian Wikipedia, viewed January 2, 2020</subfield>
    <subfield code="b">(Mario Luigi Ciappi; born October 6, 1909, in Florence; died April 22, 1996, in Rome; Italian cardinal; entered the Dominican order on October 4, 1925; ordained to the Catholic priesthood on March 26, 1932; elevated to the cardinalate by Pope Paul VI on June 27, 1977)</subfield>
  </datafield>
  <datafield tag="953" ind1=" " ind2=" ">
    <subfield code="a">bt26</subfield>
    <subfield code="b">sh02</subfield>
  </datafield>
</record>