
<record>
  <leader>01204cz  a2200265n  4500</leader>
  <controlfield tag="001">2542460</controlfield>
  <controlfield tag="003">DLC</controlfield>
  <controlfield tag="005">20200104073309.0</controlfield>
  <controlfield tag="008">890112nc azannaabn          |b aaa      </controlfield>
  <datafield tag="010" ind1=" " ind2=" ">
    <subfield code="a">n  88168687 </subfield>
  </datafield>
  <datafield tag="035" ind1=" " ind2=" ">
    <subfield code="a">(OCoLC)oca02437989</subfield>
  </datafield>
  <datafield tag="040" ind1=" " ind2=" ">
    <subfield code="a">DLC</subfield>
    <subfield code="b">eng</subfield>
    <subfield code="e">rda</subfield>
    <subfield code="c">DLC</subfield>
    <subfield code="d">DLC</subfield>
    <subfield code="d">OCoLC</subfield>
    <subfield code="d">InU</subfield>
    <subfield code="d">MH</subfield>
  </datafield>
  <datafield tag="046" ind1=" " ind2=" ">
    <subfield code="f">1940</subfield>
    <subfield code="2">edtf</subfield>
  </datafield>
  <datafield tag="100" ind1="1" ind2=" ">
    <subfield code="a">Tang, Chongnan</subfield>
  </datafield>
  <datafield tag="400" ind1="1" ind2=" ">
    <subfield code="w">nne</subfield>
    <subfield code="a">Tʻang, Chʻung-nan</subfield>
  </datafield>
  <datafield tag="400" ind1="1" ind2=" ">
    <subfield code="a">Tō, Jūnan</subfield>
  </datafield>
  <datafield tag="400" ind1="1" ind2=" ">
    <subfield code="a">汤重南</subfield>
  </datafield>
  <datafield tag="400" ind1="1" ind2=" ">
    <subfield code="a">湯重南</subfield>
  </datafield>
  <datafield tag="667" ind1=" " ind2=" ">
    <subfield code="a">Machine-derived non-Latin script reference project.</subfield>
  </datafield>
  <datafield tag="667" ind1=" " ind2=" ">
    <subfield code="a">Non-Latin script references not evaluated.</subfield>
  </datafield>
  <datafield tag="667" ind1=" " ind2=" ">
    <subfield code="a">Non-Latin script references reviewed in NACO CJK Funnel References Project.</subfield>
  </datafield>
  <datafield tag="670" ind1=" " ind2=" ">
    <subfield code="a">Jih-pen li shih jen wu chuan. Chin hsien tai pʻien, 1987:</subfield>
    <subfield code="b">t.p. (Tʻang Chʻung-nan) author&apos;s biog. (with Chung-kuo she hui kʻo hsüeh yüan shih chieh li shih yen chiu so)</subfield>
  </datafield>
  <datafield tag="670" ind1=" " ind2=" ">
    <subfield code="a">Ma, C.C. Nitchū kindaika no hikaku, 1988:</subfield>
    <subfield code="b">t.p. (Jpn r; Tō Jūnan; Tʻang Chʻung-nan [Chi. reading]) author&apos;s biog. on insert (b. 1940 in Chʻung-chʻing shih, Szechwan)</subfield>
  </datafield>
  <datafield tag="670" ind1=" " ind2=" ">
    <subfield code="a">OCLC #19810524, November 18, 2019</subfield>
    <subfield code="b">(access point: 汤重南 = Tang, Chongnan; usage: 汤重南 = Tang Chongnan)</subfield>
  </datafield>
  <datafield tag="953" ind1=" " ind2=" ">
    <subfield code="a">bl01</subfield>
    <subfield code="b">bl01</subfield>
  </datafield>
</record>