
<record>
  <leader>02127cz  a2200253n  4500</leader>
  <controlfield tag="001">2558658</controlfield>
  <controlfield tag="003">DLC</controlfield>
  <controlfield tag="005">20200104073308.0</controlfield>
  <controlfield tag="008">881021n| azannaabn          |a aaa      </controlfield>
  <datafield tag="010" ind1=" " ind2=" ">
    <subfield code="a">n  88669277 </subfield>
  </datafield>
  <datafield tag="035" ind1=" " ind2=" ">
    <subfield code="a">(OCoLC)oca02386340</subfield>
  </datafield>
  <datafield tag="040" ind1=" " ind2=" ">
    <subfield code="a">DLC</subfield>
    <subfield code="b">eng</subfield>
    <subfield code="e">rda</subfield>
    <subfield code="c">DLC</subfield>
    <subfield code="d">InNd</subfield>
    <subfield code="d">OU</subfield>
  </datafield>
  <datafield tag="046" ind1=" " ind2=" ">
    <subfield code="f">1908-04-14</subfield>
    <subfield code="g">1998-04-14</subfield>
    <subfield code="2">edtf</subfield>
  </datafield>
  <datafield tag="053" ind1=" " ind2="0">
    <subfield code="a">PT2639.T17</subfield>
  </datafield>
  <datafield tag="100" ind1="1" ind2=" ">
    <subfield code="a">Stahl, Hermann,</subfield>
    <subfield code="d">1908-1998</subfield>
  </datafield>
  <datafield tag="370" ind1=" " ind2=" ">
    <subfield code="a">Dillenburg (Germany)</subfield>
    <subfield code="b">Diessen am Ammersee (Germany)</subfield>
    <subfield code="2">naf</subfield>
  </datafield>
  <datafield tag="374" ind1=" " ind2=" ">
    <subfield code="a">Painters</subfield>
    <subfield code="a">Authors</subfield>
    <subfield code="2">lcsh</subfield>
  </datafield>
  <datafield tag="375" ind1=" " ind2=" ">
    <subfield code="a">Males</subfield>
    <subfield code="2">lcdgt</subfield>
  </datafield>
  <datafield tag="378" ind1=" " ind2=" ">
    <subfield code="q">Hermann Wilhelm</subfield>
  </datafield>
  <datafield tag="400" ind1="1" ind2=" ">
    <subfield code="a">Stahl, Hermann Wilhelm,</subfield>
    <subfield code="d">1908-1998</subfield>
  </datafield>
  <datafield tag="670" ind1=" " ind2=" ">
    <subfield code="a">nuc88-9871: His Gedichte aus vier Jahrzehnten, 1977</subfield>
    <subfield code="b">(hdg. on CSt rept.: Stahl, Hermann, 1908- ; usage: Hermann Stahl)</subfield>
  </datafield>
  <datafield tag="670" ind1=" " ind2=" ">
    <subfield code="a">LC data base, 10/21/88</subfield>
    <subfield code="b">(hdg.: Stahl, Hermann, 1908- )</subfield>
  </datafield>
  <datafield tag="670" ind1=" " ind2=" ">
    <subfield code="a">Wikidata via Wikipedia, January 3, 2020</subfield>
    <subfield code="b">(alias: Hermann Stahl; Commons category: Hermann Stahl; sex or gender: male; LCAuth identifier: n88669277; VIAF identifier: 24643678; GND identifier: 118798383; ISNI (P213): 0000000116088682; place of birth: Dillenburg; place of death: Diessen am Ammersee; instance of: human; award received: Cross of the Order of Merit of the Federal Republic of Germany, Immermann-Preis, Toucan Prize; date of birth: +1908-04-14T00:00:00Z; date of death: +1998-04-14T00:00:00Z; country of citizenship: Germany; occupation: painter, writer; given name: Hermann; member of: Deutsche Akademie für Sprache und Dichtung; languages spoken or published: German; Pinakothek artist ID (P4025): hermann-stahl; NUKAT authorities: n2003030103; NLP identifier: A17335760; surname: Stahl; FAST-ID: 239033; SUDOC authorities: 132441551; BnF identifier: 12176284x; NKC identifier: xx0210566; Munzinger IBA: 00000009035; Brockhaus Enzyklop\u00e4die online ID (P5019): stahl-hermann-wilhelm; description/label: deutscher Maler und Schriftsteller, Duits kunstschilder , German painter, péintéir Gearmánach, peintre allemand, pictor german, piktor gjerman, pintor alemán, pintor alemany, Saksamaa maalikunstnik, צייר גרמני)</subfield>
    <subfield code="u">http://www.wikidata.org/entity/Q1318154</subfield>
  </datafield>
  <datafield tag="953" ind1=" " ind2=" ">
    <subfield code="a">na20</subfield>
  </datafield>
</record>