
<record>
  <leader>01786cz  a2200313n  4500</leader>
  <controlfield tag="001">2572844</controlfield>
  <controlfield tag="003">DLC</controlfield>
  <controlfield tag="005">20200104073530.0</controlfield>
  <controlfield tag="008">890323n| azannaabn          |a aaa      </controlfield>
  <datafield tag="010" ind1=" " ind2=" ">
    <subfield code="a">n  89617327 </subfield>
    <subfield code="z">n 2007086548</subfield>
  </datafield>
  <datafield tag="016" ind1=" " ind2=" ">
    <subfield code="a">0054G2540E</subfield>
  </datafield>
  <datafield tag="035" ind1=" " ind2=" ">
    <subfield code="a">(OCoLC)oca02486771</subfield>
  </datafield>
  <datafield tag="040" ind1=" " ind2=" ">
    <subfield code="a">DLC</subfield>
    <subfield code="b">eng</subfield>
    <subfield code="e">rda</subfield>
    <subfield code="c">DLC</subfield>
    <subfield code="d">DLC</subfield>
    <subfield code="d">DLC</subfield>
    <subfield code="d">DNLM</subfield>
    <subfield code="d">CaAEU</subfield>
    <subfield code="d">CaBViV</subfield>
    <subfield code="d">CaOONL</subfield>
  </datafield>
  <datafield tag="046" ind1=" " ind2=" ">
    <subfield code="f">1955-03-21</subfield>
    <subfield code="2">edtf</subfield>
  </datafield>
  <datafield tag="053" ind1=" " ind2="0">
    <subfield code="a">PR9199.3.C5224</subfield>
  </datafield>
  <datafield tag="053" ind1=" " ind2="4">
    <subfield code="a">PS8555 L363</subfield>
    <subfield code="5">CaOONL</subfield>
  </datafield>
  <datafield tag="100" ind1="1" ind2=" ">
    <subfield code="a">Clark, Hilary,</subfield>
    <subfield code="d">1955-</subfield>
  </datafield>
  <datafield tag="373" ind1=" " ind2=" ">
    <subfield code="a">Simon Fraser University</subfield>
    <subfield code="a">University of Toronto</subfield>
    <subfield code="a">University of British Columbia</subfield>
    <subfield code="2">naf</subfield>
  </datafield>
  <datafield tag="373" ind1=" " ind2=" ">
    <subfield code="a">University of Saskatchewan</subfield>
    <subfield code="2">naf</subfield>
  </datafield>
  <datafield tag="374" ind1=" " ind2=" ">
    <subfield code="a">Poets</subfield>
    <subfield code="a">English teachers</subfield>
    <subfield code="a">College teachers</subfield>
    <subfield code="2">lcsh</subfield>
  </datafield>
  <datafield tag="375" ind1=" " ind2=" ">
    <subfield code="a">Females</subfield>
    <subfield code="2">lcdgt</subfield>
  </datafield>
  <datafield tag="400" ind1="1" ind2=" ">
    <subfield code="w">nne</subfield>
    <subfield code="a">Clark, Hilary Anne,</subfield>
    <subfield code="d">1955-</subfield>
  </datafield>
  <datafield tag="670" ind1=" " ind2=" ">
    <subfield code="a">The idea of a fictional encyclopaedia, 1985</subfield>
    <subfield code="b">(hdg. on CaBVaU rept.: Clark, Hilary Anne, 1955- ; usage: Hilary Anne Clark)</subfield>
  </datafield>
  <datafield tag="670" ind1=" " ind2=" ">
    <subfield code="a">Scenes of shame, 1998:</subfield>
    <subfield code="b">CIP t.p. (Hilary Clark) galley (associate professor of English at University of Saskatchewan; author of &quot;The fictional encyclopedia&quot;)</subfield>
  </datafield>
  <datafield tag="670" ind1=" " ind2=" ">
    <subfield code="a">Depression and narrative, ©2008 :</subfield>
    <subfield code="b">t.p. (Hilary Clark) p. 243 (professor of English at University of Saskatchewan)</subfield>
  </datafield>
  <datafield tag="670" ind1=" " ind2=" ">
    <subfield code="a">University of Saskatchewan. College of Arts and Science web site, viewed 25 October 2018</subfield>
    <subfield code="b">(Hilary Clark; English professor emerita; B.A. (Simon Fraser), M.A. (Toronto), Ph.D. (British Columbia); teaches in the areas of critical theory, women&apos;s writing, life writing, literary modernism and creative writing (poetry); published three books of poetry)</subfield>
  </datafield>
  <datafield tag="670" ind1=" " ind2=" ">
    <subfield code="a">Amicus database, 25 October 2018</subfield>
    <subfield code="b">(authorized access point (0054G2540): Clark, Hilary Anne, 1955- [born 1955-03-21])</subfield>
  </datafield>
  <datafield tag="700" ind1="1" ind2="6">
    <subfield code="a">Clark, Hilary Anne,</subfield>
    <subfield code="d">1955-</subfield>
    <subfield code="0">(CaOONL)ncf10172776</subfield>
  </datafield>
  <datafield tag="953" ind1=" " ind2=" ">
    <subfield code="a">nf05</subfield>
    <subfield code="b">lg31</subfield>
  </datafield>
</record>