
<record>
  <leader>01707cz  a2200253n  4500</leader>
  <controlfield tag="001">2585784</controlfield>
  <controlfield tag="003">DLC</controlfield>
  <controlfield tag="005">20200104073315.0</controlfield>
  <controlfield tag="008">900329n| azannaabn          |n aaa      </controlfield>
  <datafield tag="010" ind1=" " ind2=" ">
    <subfield code="a">n  90626007 </subfield>
  </datafield>
  <datafield tag="035" ind1=" " ind2=" ">
    <subfield code="a">(OCoLC)oca02713126</subfield>
  </datafield>
  <datafield tag="040" ind1=" " ind2=" ">
    <subfield code="a">DLC</subfield>
    <subfield code="b">eng</subfield>
    <subfield code="e">rda</subfield>
    <subfield code="c">DLC</subfield>
    <subfield code="d">DLC</subfield>
    <subfield code="d">InU</subfield>
    <subfield code="d">HU</subfield>
    <subfield code="d">CU-I</subfield>
  </datafield>
  <datafield tag="046" ind1=" " ind2=" ">
    <subfield code="f">1959-09-28</subfield>
    <subfield code="2">edtf</subfield>
  </datafield>
  <datafield tag="100" ind1="1" ind2=" ">
    <subfield code="a">Formanek, Susanne</subfield>
  </datafield>
  <datafield tag="370" ind1=" " ind2=" ">
    <subfield code="f">Sendai (Japan)</subfield>
  </datafield>
  <datafield tag="370" ind1=" " ind2=" ">
    <subfield code="f">Vienna (Austria)</subfield>
    <subfield code="2">naf</subfield>
  </datafield>
  <datafield tag="374" ind1=" " ind2=" ">
    <subfield code="a">Japanologists</subfield>
    <subfield code="a">College teachers</subfield>
    <subfield code="a">Authors</subfield>
    <subfield code="a">Editors</subfield>
    <subfield code="2">lcsh</subfield>
  </datafield>
  <datafield tag="375" ind1=" " ind2=" ">
    <subfield code="a">Females</subfield>
    <subfield code="2">lcdgt</subfield>
  </datafield>
  <datafield tag="377" ind1=" " ind2=" ">
    <subfield code="a">ger</subfield>
    <subfield code="a">eng</subfield>
  </datafield>
  <datafield tag="670" ind1=" " ind2=" ">
    <subfield code="a">Sachlexikon, das japanische Unternehmen, 1987:</subfield>
    <subfield code="b">t.p. (Mag. Susanne Formanek)</subfield>
  </datafield>
  <datafield tag="670" ind1=" " ind2=" ">
    <subfield code="a">Denn dem Alter kann keiner entfliehen, 1994:</subfield>
    <subfield code="b">t.p. (Susanne Formanek) p. 558 (b. 9/28/59; wissenschaftliche Angestellte, Institut für Kultur- und Geistesgeschichte Asiens d. Österr. Akad. d. Wissenschaften; lists works)</subfield>
  </datafield>
  <datafield tag="670" ind1=" " ind2=" ">
    <subfield code="a">Culture of Japan as seen through its leisure, 1998:</subfield>
    <subfield code="b">page 384 (Susanne Formanek; she graduated from the University of Vienna with an M.A. thesis on birth control in premodern Japan; presently a researcher at the Institute for the Cultural and Intellectual History of Asia at the Austrian Academy of Sciences)</subfield>
  </datafield>
  <datafield tag="670" ind1=" " ind2=" ">
    <subfield code="a">Israeli Association for Japanese Studies, 7 November 2017</subfield>
    <subfield code="b">(Susanne Formaneck, Vienna University; got her M.A. and PhD in Japanese Studies from the University of Vienna in 1997 and 2001, respectively; is a researcher at the Institute for the Cultural and Intellectual History of Asia of the Austrian Academy of Sciences since 1987; lecturer at the Institute for East Asian Studies of the University of Vienna since 1989; visiting professor at Tōhoku University, Sendai, Japan)</subfield>
  </datafield>
  <datafield tag="953" ind1=" " ind2=" ">
    <subfield code="a">ec14</subfield>
    <subfield code="b">sc15</subfield>
  </datafield>
</record>