
<record>
  <leader>00477cz  a2200169n  4500</leader>
  <controlfield tag="001">2600605</controlfield>
  <controlfield tag="003">DLC</controlfield>
  <controlfield tag="005">20200104073250.0</controlfield>
  <controlfield tag="008">910227n| azannaabn          |a aaa      </controlfield>
  <datafield tag="010" ind1=" " ind2=" ">
    <subfield code="a">n  91020567 </subfield>
  </datafield>
  <datafield tag="035" ind1=" " ind2=" ">
    <subfield code="a">(OCoLC)oca02903382</subfield>
  </datafield>
  <datafield tag="040" ind1=" " ind2=" ">
    <subfield code="a">DLC</subfield>
    <subfield code="b">eng</subfield>
    <subfield code="e">rda</subfield>
    <subfield code="c">DLC</subfield>
    <subfield code="d">NcU</subfield>
  </datafield>
  <datafield tag="100" ind1="1" ind2=" ">
    <subfield code="a">Burns, Jim,</subfield>
    <subfield code="d">1936-</subfield>
    <subfield code="t">Fred Engels in Woolworth&apos;s.</subfield>
    <subfield code="l">German</subfield>
  </datafield>
  <datafield tag="377" ind1=" " ind2=" ">
    <subfield code="a">ger</subfield>
  </datafield>
  <datafield tag="400" ind1="1" ind2=" ">
    <subfield code="a">Burns, Jim,</subfield>
    <subfield code="d">1936-</subfield>
    <subfield code="t">Fred Engels bei Woolworth</subfield>
  </datafield>
  <datafield tag="670" ind1=" " ind2=" ">
    <subfield code="a">His Fred Engels bei Woolworth, c1990.</subfield>
  </datafield>
  <datafield tag="953" ind1=" " ind2=" ">
    <subfield code="a">ec11</subfield>
  </datafield>
</record>