
<record>
  <leader>01939cz  a2200277n  4500</leader>
  <controlfield tag="001">2609539</controlfield>
  <controlfield tag="003">DLC</controlfield>
  <controlfield tag="005">20200104073527.0</controlfield>
  <controlfield tag="008">910820n| azannaabn          |a aaa      </controlfield>
  <datafield tag="010" ind1=" " ind2=" ">
    <subfield code="a">n  91083757 </subfield>
  </datafield>
  <datafield tag="035" ind1=" " ind2=" ">
    <subfield code="a">(OCoLC)oca03004845</subfield>
  </datafield>
  <datafield tag="040" ind1=" " ind2=" ">
    <subfield code="a">DLC</subfield>
    <subfield code="b">eng</subfield>
    <subfield code="e">rda</subfield>
    <subfield code="c">DLC</subfield>
    <subfield code="d">DLC</subfield>
    <subfield code="d">Uk</subfield>
    <subfield code="d">DLC</subfield>
    <subfield code="d">OOC</subfield>
  </datafield>
  <datafield tag="046" ind1=" " ind2=" ">
    <subfield code="f">1940-02-28</subfield>
    <subfield code="g">2012-09-05</subfield>
    <subfield code="2">edtf</subfield>
  </datafield>
  <datafield tag="100" ind1="1" ind2=" ">
    <subfield code="a">South, Joe,</subfield>
    <subfield code="d">1940-2012</subfield>
  </datafield>
  <datafield tag="370" ind1=" " ind2=" ">
    <subfield code="a">Atlanta (Ga.)</subfield>
    <subfield code="b">Buford (Ga.)</subfield>
    <subfield code="c">United States</subfield>
    <subfield code="2">naf</subfield>
  </datafield>
  <datafield tag="370" ind1=" " ind2=" ">
    <subfield code="b">Flowery Branch (Ga.)</subfield>
  </datafield>
  <datafield tag="374" ind1=" " ind2=" ">
    <subfield code="a">Singers</subfield>
    <subfield code="a">Composers</subfield>
    <subfield code="a">Lyricists</subfield>
    <subfield code="a">Guitarists</subfield>
    <subfield code="2">lcdgt</subfield>
  </datafield>
  <datafield tag="374" ind1=" " ind2=" ">
    <subfield code="a">Sound recording executives and producers</subfield>
    <subfield code="2">lcsh</subfield>
  </datafield>
  <datafield tag="400" ind1="1" ind2=" ">
    <subfield code="a">Souter, Joseph Alfred,</subfield>
    <subfield code="d">1940-2012</subfield>
  </datafield>
  <datafield tag="400" ind1="1" ind2=" ">
    <subfield code="a">Souter, Joe,</subfield>
    <subfield code="d">1940-2012</subfield>
  </datafield>
  <datafield tag="670" ind1=" " ind2=" ">
    <subfield code="a">His Games people play [SR] 1969:</subfield>
    <subfield code="b">label (Joe South)</subfield>
  </datafield>
  <datafield tag="670" ind1=" " ind2=" ">
    <subfield code="a">Worth, F.L. Elvis, 1992:</subfield>
    <subfield code="b">p. 184 (composer and singer; b. 2-28-1940, Atlanta)</subfield>
  </datafield>
  <datafield tag="670" ind1=" " ind2=" ">
    <subfield code="a">New York times WWW site, Sept. 6, 2012</subfield>
    <subfield code="b">(in obituary published Sept. 5: Joe South; b. Joseph Alfred Souter, Feb. 28, 1940, Atlanta; d. Wednesday [Sept. 5, 2012], Flowery Branch, Ga., aged 72; singer-songwriter who wove confrontational lyrics into bouncy pop hits of the late 1960s and early &apos;70s, including Games people play, Walk a mile in my shoes, and (I never promised you a) Rose garden)</subfield>
  </datafield>
  <datafield tag="670" ind1=" " ind2=" ">
    <subfield code="a">Oxford reference online, January 3, 2020:</subfield>
    <subfield code="b">Encyclopedia of popular music, 4th ed. (South, Joe; born Joe Souter; February 28, 1940, Atlanta, Georgia; session guitarist in Nashville and Muscle Shoals, playing with (among others) Bob Dylan (Blonde on blonde) and Simon and Garfinkel (The sounds of silence); his first solo success came with the 1969 single Games people play; left the music industry in the mid-70s, returning in the mid-90s)</subfield>
  </datafield>
  <datafield tag="670" ind1=" " ind2=" ">
    <subfield code="a">Wikipedia, January 3, 2020</subfield>
    <subfield code="b">(Joe South; born Joseph Alfred Souter, February 28, 1940, Atlanta, Georgia; died September 5, 2012, Buford, Georgia; American singer-songwriter, guitarist, and record producer)</subfield>
  </datafield>
  <datafield tag="953" ind1=" " ind2=" ">
    <subfield code="a">ns31</subfield>
    <subfield code="b">tc04</subfield>
  </datafield>
</record>