
<record>
  <leader>01788cz  a2200349n  4500</leader>
  <controlfield tag="001">2619703</controlfield>
  <controlfield tag="003">DLC</controlfield>
  <controlfield tag="005">20200104073511.0</controlfield>
  <controlfield tag="008">920608nc azannaabn          |b aaa     c</controlfield>
  <datafield tag="010" ind1=" " ind2=" ">
    <subfield code="a">nr 92021287 </subfield>
  </datafield>
  <datafield tag="035" ind1=" " ind2=" ">
    <subfield code="a">(OCoLC)oca03188896</subfield>
  </datafield>
  <datafield tag="040" ind1=" " ind2=" ">
    <subfield code="a">NjP</subfield>
    <subfield code="b">eng</subfield>
    <subfield code="e">rda</subfield>
    <subfield code="c">NjP</subfield>
    <subfield code="d">OCoLC</subfield>
    <subfield code="d">DLC</subfield>
    <subfield code="d">DcWaGWGG</subfield>
  </datafield>
  <datafield tag="046" ind1=" " ind2=" ">
    <subfield code="s">1850</subfield>
    <subfield code="t">1880</subfield>
    <subfield code="2">edtf</subfield>
  </datafield>
  <datafield tag="100" ind1="1" ind2=" ">
    <subfield code="a">Ding, Yaochen,</subfield>
    <subfield code="d">active 1850-1880</subfield>
  </datafield>
  <datafield tag="370" ind1=" " ind2=" ">
    <subfield code="f">Shaoxing (China)</subfield>
    <subfield code="2">naf</subfield>
  </datafield>
  <datafield tag="400" ind1="1" ind2=" ">
    <subfield code="w">nnea</subfield>
    <subfield code="a">Ding, Yaochen,</subfield>
    <subfield code="d">fl. 1850-1880</subfield>
  </datafield>
  <datafield tag="400" ind1="1" ind2=" ">
    <subfield code="a">Ding, Youxiang,</subfield>
    <subfield code="d">active 1850-1880</subfield>
  </datafield>
  <datafield tag="400" ind1="1" ind2=" ">
    <subfield code="w">nnea</subfield>
    <subfield code="a">Ting, Yao-chʻen,</subfield>
    <subfield code="d">fl. 1850-1880</subfield>
  </datafield>
  <datafield tag="400" ind1="1" ind2=" ">
    <subfield code="a">Ting, Yu-hsiang,</subfield>
    <subfield code="d">active 1850-1880</subfield>
  </datafield>
  <datafield tag="400" ind1="1" ind2=" ">
    <subfield code="a">Ding yao chen,</subfield>
    <subfield code="d">active 1850-1880</subfield>
  </datafield>
  <datafield tag="400" ind1="1" ind2=" ">
    <subfield code="a">丁堯臣,</subfield>
    <subfield code="d">active 1850-1880</subfield>
  </datafield>
  <datafield tag="400" ind1="1" ind2=" ">
    <subfield code="a">丁尧臣,</subfield>
    <subfield code="d">active 1850-1880</subfield>
  </datafield>
  <datafield tag="667" ind1=" " ind2=" ">
    <subfield code="a">Machine-derived non-Latin script reference project.</subfield>
  </datafield>
  <datafield tag="667" ind1=" " ind2=" ">
    <subfield code="a">Non-Latin script references not evaluated.</subfield>
  </datafield>
  <datafield tag="667" ind1=" " ind2=" ">
    <subfield code="a">Non-Latin script references reviewed in NACO CJK Funnel References Project.</subfield>
  </datafield>
  <datafield tag="670" ind1=" " ind2=" ">
    <subfield code="a">His Chʻi hsiao chien pien liang fang, 1990:</subfield>
    <subfield code="b">t.p. (Ting Yao-chʻen, of Chʻing dynasty)</subfield>
  </datafield>
  <datafield tag="670" ind1=" " ind2=" ">
    <subfield code="a">Chung i jen wu tzʻu tien, 1988</subfield>
    <subfield code="b">(Ting Yao-chʻen; t. Yu-hsiang; native of Kuei-chi, i.e. Shao-hsing, Chekiang Province; travelled and collected prescriptions for 30 yrs. before publishing &quot;Chʻi hsiao liang fang&quot; in 1880)</subfield>
  </datafield>
  <datafield tag="670" ind1=" " ind2=" ">
    <subfield code="a">OCLC, Dec. 29, 2019</subfield>
    <subfield code="b">(access point: 丁堯臣, active 1850-1880 = Ding, Yaochen, active 1850-1880; 丁尧臣, active 1850-1880 = Ding Yaochen, active 1850-1880; usage: 丁堯臣 = Ding Yaochen; 丁尧臣 = Ding Yaochen)</subfield>
  </datafield>
  <datafield tag="670" ind1=" " ind2=" ">
    <subfield code="a">OCLC #824172509, Jan. 3, 2020</subfield>
    <subfield code="b">(access point: Ding, Yaochen; usage: 丁尧臣 = Ding yao chen)</subfield>
  </datafield>
  <datafield tag="670" ind1=" " ind2=" ">
    <subfield code="a">OCLC #14619558, Jan. 3 2020</subfield>
    <subfield code="b">(access point: Ding, Yaochen, active 1881; no usage)</subfield>
  </datafield>
  <datafield tag="953" ind1=" " ind2=" ">
    <subfield code="a">xx00</subfield>
  </datafield>
  <datafield tag="985" ind1=" " ind2=" ">
    <subfield code="c">RLIN</subfield>
    <subfield code="e">LSPC</subfield>
  </datafield>
</record>