
<record>
  <leader>02502cz  a2200349n  4500</leader>
  <controlfield tag="001">2669640</controlfield>
  <controlfield tag="003">DLC</controlfield>
  <controlfield tag="005">20200104073521.0</controlfield>
  <controlfield tag="008">940921n| azannaabn          |a aaa      </controlfield>
  <datafield tag="010" ind1=" " ind2=" ">
    <subfield code="a">n  94091077 </subfield>
    <subfield code="z">n  90678916 </subfield>
  </datafield>
  <datafield tag="035" ind1=" " ind2=" ">
    <subfield code="a">(OCoLC)oca03685261</subfield>
  </datafield>
  <datafield tag="040" ind1=" " ind2=" ">
    <subfield code="a">DLC</subfield>
    <subfield code="b">eng</subfield>
    <subfield code="e">rda</subfield>
    <subfield code="c">DLC</subfield>
    <subfield code="d">ICU</subfield>
    <subfield code="d">UkCU</subfield>
    <subfield code="d">DLC</subfield>
    <subfield code="d">MoSU</subfield>
  </datafield>
  <datafield tag="046" ind1=" " ind2=" ">
    <subfield code="f">1939</subfield>
    <subfield code="g">2013-02-17</subfield>
    <subfield code="2">edtf</subfield>
  </datafield>
  <datafield tag="100" ind1="1" ind2=" ">
    <subfield code="a">Fontana, Alessandro,</subfield>
    <subfield code="d">1939-2013</subfield>
  </datafield>
  <datafield tag="370" ind1=" " ind2=" ">
    <subfield code="c">France</subfield>
    <subfield code="c">Italy</subfield>
    <subfield code="e">Paris (France)</subfield>
    <subfield code="2">naf</subfield>
  </datafield>
  <datafield tag="372" ind1=" " ind2=" ">
    <subfield code="a">Italy--History</subfield>
    <subfield code="a">Philosophy</subfield>
    <subfield code="2">lcsh</subfield>
  </datafield>
  <datafield tag="373" ind1=" " ind2=" ">
    <subfield code="a">Ecole normale supérieure de Lyon</subfield>
    <subfield code="2">naf</subfield>
  </datafield>
  <datafield tag="373" ind1=" " ind2=" ">
    <subfield code="a">École normale supérieure de Fontenay-Saint-Cloud</subfield>
    <subfield code="2">naf</subfield>
  </datafield>
  <datafield tag="374" ind1=" " ind2=" ">
    <subfield code="a">Historians</subfield>
    <subfield code="a">College teachers</subfield>
    <subfield code="2">lcsh</subfield>
  </datafield>
  <datafield tag="375" ind1=" " ind2=" ">
    <subfield code="a">Males</subfield>
    <subfield code="2">lcdgt</subfield>
  </datafield>
  <datafield tag="377" ind1=" " ind2=" ">
    <subfield code="a">ita</subfield>
    <subfield code="a">fre</subfield>
  </datafield>
  <datafield tag="400" ind1="1" ind2=" ">
    <subfield code="a">Fontana, Alexandre,</subfield>
    <subfield code="d">1939-2013</subfield>
  </datafield>
  <datafield tag="400" ind1="1" ind2=" ">
    <subfield code="w">nne</subfield>
    <subfield code="a">Fontana, Alessandro,</subfield>
    <subfield code="d">1939-</subfield>
  </datafield>
  <datafield tag="667" ind1=" " ind2=" ">
    <subfield code="a">Formerly on undifferentiated name record: n  90678916</subfield>
  </datafield>
  <datafield tag="670" ind1=" " ind2=" ">
    <subfield code="a">Polizia dell&apos;anima, 1990:</subfield>
    <subfield code="b">title page (Alessandro Fontana) back flap (born 1939; has lived in Paris since 1966 where he teaches at the École normale supérieure de Fontenay-Saint-Cloud )</subfield>
  </datafield>
  <datafield tag="670" ind1=" " ind2=" ">
    <subfield code="a">nuc90-49936: La Place et la ville, 1985</subfield>
    <subfield code="b">(hdg. on MnU rept.: Fontana, Alessandro; usage: Alessandro Fontana)</subfield>
  </datafield>
  <datafield tag="670" ind1=" " ind2=" ">
    <subfield code="a">La circulation des hommes et des œuvres entre la France et l&apos;Italie à l&apos;époque de la Renaissance, 1992:</subfield>
    <subfield code="b">title page (Alessandro Fontana) cover (Alexandre Fontana)</subfield>
  </datafield>
  <datafield tag="670" ind1=" " ind2=" ">
    <subfield code="a">Foucault, Michel. Les anormaux : cours au Collège de France (1974-1975), 1999:</subfield>
    <subfield code="b">title page (édition établie sous la direction de François Ewald et Alessandro Fontana)</subfield>
  </datafield>
  <datafield tag="670" ind1=" " ind2=" ">
    <subfield code="a">Foucault, Michel. The punitive society : lectures at the Collège de France, 1972-1973, 2015:</subfield>
    <subfield code="b">title page (general editor, Alessandro Fontana)</subfield>
  </datafield>
  <datafield tag="670" ind1=" " ind2=" ">
    <subfield code="a">Foucault News online, viewed September 23, 2015</subfield>
    <subfield code="b">(article dated 19 February 2013, by Clare O&apos;Farrell: Alessandro Fontana, 1939-2013; emeritus professor of Italian studies at the École normale supérieure de Lyon and the author of numerous essays; he was general editor with François Ewald of the volumes of Michel Foucault&apos;s lectures at the Collège de France)</subfield>
  </datafield>
  <datafield tag="670" ind1=" " ind2=" ">
    <subfield code="a">Bibliothèque nationale de France online catalog, viewed January 3, 2020</subfield>
    <subfield code="b">(authorized access point: Fontana, Alessandro (1939-2013); other data in authority record: Italian; also wrote in French; born 1939; died February 17, 2013; taught at the École normale supérieure de Fontenay-Saint-Cloud)</subfield>
    <subfield code="u">https://catalogue.bnf.fr/ark:/12148/cb128732534</subfield>
  </datafield>
  <datafield tag="953" ind1=" " ind2=" ">
    <subfield code="a">sh14</subfield>
  </datafield>
</record>