
<record>
  <leader>00821cz  a2200205n  4500</leader>
  <controlfield tag="001">2696391</controlfield>
  <controlfield tag="003">DLC</controlfield>
  <controlfield tag="005">20200104073515.0</controlfield>
  <controlfield tag="008">960122n| azannaabn          |n aaa      </controlfield>
  <datafield tag="010" ind1=" " ind2=" ">
    <subfield code="a">n  96004457 </subfield>
  </datafield>
  <datafield tag="035" ind1=" " ind2=" ">
    <subfield code="a">(OCoLC)oca03991974</subfield>
  </datafield>
  <datafield tag="040" ind1=" " ind2=" ">
    <subfield code="a">DLC</subfield>
    <subfield code="b">eng</subfield>
    <subfield code="e">rda</subfield>
    <subfield code="c">DLC</subfield>
    <subfield code="d">DLC</subfield>
    <subfield code="d">OOC</subfield>
  </datafield>
  <datafield tag="046" ind1=" " ind2=" ">
    <subfield code="f">1965</subfield>
    <subfield code="2">edtf</subfield>
  </datafield>
  <datafield tag="100" ind1="1" ind2=" ">
    <subfield code="a">Lapointe, Jean-François,</subfield>
    <subfield code="d">1965-</subfield>
  </datafield>
  <datafield tag="370" ind1=" " ind2=" ">
    <subfield code="c">Canada</subfield>
    <subfield code="2">naf</subfield>
  </datafield>
  <datafield tag="374" ind1=" " ind2=" ">
    <subfield code="a">Baritones (Singers)</subfield>
    <subfield code="2">lcsh</subfield>
  </datafield>
  <datafield tag="670" ind1=" " ind2=" ">
    <subfield code="a">Prix de Rome cantatas, p1994:</subfield>
    <subfield code="b">label (Jean-François Lapointe, baritone)</subfield>
  </datafield>
  <datafield tag="670" ind1=" " ind2=" ">
    <subfield code="a">LAC, Sept. 25, 2007</subfield>
    <subfield code="b">(Lapointe, Jean-François, 1965- )</subfield>
  </datafield>
  <datafield tag="670" ind1=" " ind2=" ">
    <subfield code="a">Email from CaOONL, Sept. 24, 2007</subfield>
    <subfield code="b">(consider adding the birth-year to this heading for Canadian baritone Jean-François Lapointe; Library and Archives Canada has no fewer than 4 different Jean-François Lapointe)</subfield>
  </datafield>
  <datafield tag="953" ind1=" " ind2=" ">
    <subfield code="a">vk09</subfield>
    <subfield code="b">ta30</subfield>
  </datafield>
</record>