
<record>
  <leader>01201cz  a2200277n  4500</leader>
  <controlfield tag="001">2721210</controlfield>
  <controlfield tag="003">DLC</controlfield>
  <controlfield tag="005">20200104073507.0</controlfield>
  <controlfield tag="008">970225n| azannaabn          |n aaa     c</controlfield>
  <datafield tag="010" ind1=" " ind2=" ">
    <subfield code="a">no 97011817 </subfield>
  </datafield>
  <datafield tag="035" ind1=" " ind2=" ">
    <subfield code="a">(OCoLC)oca04278719</subfield>
  </datafield>
  <datafield tag="040" ind1=" " ind2=" ">
    <subfield code="a">MiD</subfield>
    <subfield code="b">eng</subfield>
    <subfield code="e">rda</subfield>
    <subfield code="c">MiD</subfield>
    <subfield code="d">GVaS</subfield>
    <subfield code="d">CU-I</subfield>
  </datafield>
  <datafield tag="100" ind1="1" ind2=" ">
    <subfield code="a">Luthin, Reinhard H.</subfield>
    <subfield code="q">(Reinhard Henry),</subfield>
    <subfield code="d">1905-1962</subfield>
  </datafield>
  <datafield tag="372" ind1=" " ind2=" ">
    <subfield code="a">History</subfield>
    <subfield code="2">lcsh</subfield>
  </datafield>
  <datafield tag="373" ind1=" " ind2=" ">
    <subfield code="a">Duke University</subfield>
    <subfield code="2">naf</subfield>
  </datafield>
  <datafield tag="373" ind1=" " ind2=" ">
    <subfield code="a">Columbia University</subfield>
    <subfield code="2">naf</subfield>
  </datafield>
  <datafield tag="373" ind1=" " ind2=" ">
    <subfield code="a">University of Dacca</subfield>
    <subfield code="2">naf</subfield>
  </datafield>
  <datafield tag="373" ind1=" " ind2=" ">
    <subfield code="a">Trinity College (Hartford, Conn.)</subfield>
    <subfield code="2">naf</subfield>
  </datafield>
  <datafield tag="374" ind1=" " ind2=" ">
    <subfield code="a">Historians</subfield>
    <subfield code="2">lcsh</subfield>
  </datafield>
  <datafield tag="375" ind1=" " ind2=" ">
    <subfield code="a">Males</subfield>
    <subfield code="2">lcdgt</subfield>
  </datafield>
  <datafield tag="377" ind1=" " ind2=" ">
    <subfield code="a">eng</subfield>
  </datafield>
  <datafield tag="670" ind1=" " ind2=" ">
    <subfield code="a">The first Lincoln campaign, 1944:</subfield>
    <subfield code="b">t.p. (Reinhard H. Luthin, Columbia University)</subfield>
  </datafield>
  <datafield tag="670" ind1=" " ind2=" ">
    <subfield code="a">OCLC, 2/25/97</subfield>
    <subfield code="b">(hdg.: Luthin, Reinhard Henry, 1905-1962; usage: Reinhard H. Luthin)</subfield>
  </datafield>
  <datafield tag="670" ind1=" " ind2=" ">
    <subfield code="a">Luthin, Reinhard H. American demagogues, 1954:</subfield>
    <subfield code="b">(Reinhard H. Luthin; former fellow in history at Duke University and former member of the history faculty at Columbia University; Fullbright Pressor of American and European history at University of Dacca, Pakistand, and a visiting lecturer at Trinity College, Hartford, Connecticut)</subfield>
  </datafield>
  <datafield tag="953" ind1=" " ind2=" ">
    <subfield code="a">xx00</subfield>
  </datafield>
  <datafield tag="985" ind1=" " ind2=" ">
    <subfield code="c">OCLC</subfield>
    <subfield code="e">LSPC</subfield>
  </datafield>
</record>