
<record>
  <leader>05331cz  a2200517n  4500</leader>
  <controlfield tag="001">2766557</controlfield>
  <controlfield tag="003">DLC</controlfield>
  <controlfield tag="005">20200104073426.0</controlfield>
  <controlfield tag="008">980715n| azannaabn          |a ana      </controlfield>
  <datafield tag="010" ind1=" " ind2=" ">
    <subfield code="a">n  98063337 </subfield>
    <subfield code="z">sh 85133246 </subfield>
    <subfield code="z">n  96097383 </subfield>
  </datafield>
  <datafield tag="035" ind1=" " ind2=" ">
    <subfield code="a">(OCoLC)oca04771996</subfield>
  </datafield>
  <datafield tag="040" ind1=" " ind2=" ">
    <subfield code="a">DLC</subfield>
    <subfield code="b">eng</subfield>
    <subfield code="e">rda</subfield>
    <subfield code="c">DLC</subfield>
    <subfield code="d">DLC</subfield>
    <subfield code="d">MH-L</subfield>
    <subfield code="d">DLC</subfield>
    <subfield code="d">NN</subfield>
  </datafield>
  <datafield tag="046" ind1=" " ind2=" ">
    <subfield code="s">1872</subfield>
    <subfield code="t">1874</subfield>
  </datafield>
  <datafield tag="111" ind1="2" ind2=" ">
    <subfield code="a">Österreichisch-Ungarische Polarexpedition</subfield>
    <subfield code="d">(1872-1874)</subfield>
  </datafield>
  <datafield tag="368" ind1=" " ind2=" ">
    <subfield code="a">Scientific expeditions</subfield>
    <subfield code="2">lcsh</subfield>
  </datafield>
  <datafield tag="370" ind1=" " ind2=" ">
    <subfield code="c">Austro-Hungarian Monarchy</subfield>
    <subfield code="f">Tromsø (Norway)</subfield>
    <subfield code="2">naf</subfield>
  </datafield>
  <datafield tag="370" ind1=" " ind2=" ">
    <subfield code="f">Arctic regions</subfield>
    <subfield code="f">Barents Sea</subfield>
    <subfield code="f">Novai︠a︡ Zemli︠a︡ (Russia)</subfield>
    <subfield code="f">Franz Josef Land (Russia)</subfield>
    <subfield code="f">Northeast Passage</subfield>
    <subfield code="f">Vardøya (Norway)</subfield>
    <subfield code="2">lcsh</subfield>
  </datafield>
  <datafield tag="373" ind1=" " ind2=" ">
    <subfield code="a">Admiral Tegetthoff (Ship)</subfield>
    <subfield code="2">naf</subfield>
  </datafield>
  <datafield tag="411" ind1="2" ind2=" ">
    <subfield code="a">Nordpolarexpedition der Österreichischen Handelsflotte</subfield>
    <subfield code="d">(1872-1874)</subfield>
  </datafield>
  <datafield tag="411" ind1="2" ind2=" ">
    <subfield code="a">Österreichisch-Ungarische Nordpol-Expedition</subfield>
    <subfield code="d">(1872-1874)</subfield>
  </datafield>
  <datafield tag="411" ind1="2" ind2=" ">
    <subfield code="a">Österreichisch-Ungarische Nordpolar-Expedition</subfield>
    <subfield code="d">(1872-1874)</subfield>
  </datafield>
  <datafield tag="411" ind1="2" ind2=" ">
    <subfield code="a">Payer-Weyprecht-Expedition</subfield>
    <subfield code="d">(1872-1874)</subfield>
  </datafield>
  <datafield tag="411" ind1="2" ind2=" ">
    <subfield code="w">nnea</subfield>
    <subfield code="a">Austro-Hungarian North-Pole Expedition</subfield>
  </datafield>
  <datafield tag="411" ind1="2" ind2=" ">
    <subfield code="a">Austro-Hungarian North-Polar Expedition</subfield>
    <subfield code="d">(1872-1874)</subfield>
  </datafield>
  <datafield tag="411" ind1="2" ind2=" ">
    <subfield code="a">Austro-Hungarian (Payer-Weyprecht) North-Pole Expedition</subfield>
    <subfield code="d">(1872-1874)</subfield>
  </datafield>
  <datafield tag="411" ind1="2" ind2=" ">
    <subfield code="a">Oesterreichisch-ungarische Nordpol-Expedition 1872-1874</subfield>
    <subfield code="d">(1872-1874)</subfield>
  </datafield>
  <datafield tag="411" ind1="2" ind2=" ">
    <subfield code="a">Oesterr.-ungar. Arktische Expedition</subfield>
    <subfield code="d">(1872-1874)</subfield>
  </datafield>
  <datafield tag="411" ind1="2" ind2=" ">
    <subfield code="a">Oesterr.-ungar. Nordpol-Expedition</subfield>
    <subfield code="d">(1872-1874)</subfield>
  </datafield>
  <datafield tag="411" ind1="2" ind2=" ">
    <subfield code="a">Polarexpedition Admiral Tegetthoff</subfield>
    <subfield code="d">(1872-1874)</subfield>
  </datafield>
  <datafield tag="411" ind1="2" ind2=" ">
    <subfield code="a">Tegetthoff Expedition</subfield>
    <subfield code="d">(1872-1874)</subfield>
  </datafield>
  <datafield tag="411" ind1="2" ind2=" ">
    <subfield code="a">Weyprecht-Payer-Polarexpedition</subfield>
    <subfield code="d">(1872-1874)</subfield>
  </datafield>
  <datafield tag="500" ind1="1" ind2=" ">
    <subfield code="w">r</subfield>
    <subfield code="i">Officer:</subfield>
    <subfield code="a">Weyprecht, Karl,</subfield>
    <subfield code="d">1838-1881</subfield>
  </datafield>
  <datafield tag="500" ind1="1" ind2=" ">
    <subfield code="w">r</subfield>
    <subfield code="i">Officer:</subfield>
    <subfield code="a">Payer, Julius,</subfield>
    <subfield code="d">1842-1915</subfield>
  </datafield>
  <datafield tag="670" ind1=" " ind2=" ">
    <subfield code="a">Achtsnit, A. Polarschiff Admiral Tegetthoff, c1997:</subfield>
    <subfield code="b">t.p. (Österreichisch-Ungarische Polarexpedition, 1872-74) p. [9] (Nordpolarexpedition der Österreichischen Handelsflotte von 1872-1874) p. 11 (... der Österreichisch-Ungarischen Nordpolar-Expedition) cover, p. 4 (Payer-Weyprecht-Expedition)</subfield>
  </datafield>
  <datafield tag="670" ind1=" " ind2=" ">
    <subfield code="a">LC database, July 15, 1998</subfield>
    <subfield code="b">(hdg.: Tegetthoff Expedition, 1872-1874; usage: ... der Österreichisch-Ungararischen Nordpol-Expedition 1872-1874)</subfield>
  </datafield>
  <datafield tag="670" ind1=" " ind2=" ">
    <subfield code="a">Payer, J. The Austro-Hungarian (Payer-Weyprecht) North-Pole Expedition, 1875:</subfield>
    <subfield code="b">title page (Austro-Hungarian North-Pole Expedition); page 5 (Austro-Hungarian North-Polar Expedition)</subfield>
  </datafield>
  <datafield tag="670" ind1=" " ind2=" ">
    <subfield code="a">Petermann, A. Originalkarte der Rückreise der Österr.-Ungar. Expedition, Mai-August, 1874:</subfield>
    <subfield code="b">(Österr.-Ungar. Expedition)</subfield>
  </datafield>
  <datafield tag="670" ind1=" " ind2=" ">
    <subfield code="a">Die Rückreise der Österreichisch-Üngarischen Nordpolar-Expedition mit den Booten, Mai-August, 1874:</subfield>
    <subfield code="b">page 85 (Österreichisch-Üngarischen Nordpolar-Expedition)</subfield>
  </datafield>
  <datafield tag="670" ind1=" " ind2=" ">
    <subfield code="a">Wikipedia, December 20, 2019:</subfield>
    <subfield code="b">(&quot;The Austro-Hungarian North Pole expedition was an expedition that ran from 1872-74 and discovered Franz-Josef Land. According to Julius von Payer, one of the leaders, its purpose was to find the Northeast Passage. It actually explored the area northwest of Novaya Zemlya. According to the other leader, Karl Weyprecht, the North Pole was a secondary target ... The main ship was the Tegetthoff ... The Tegetthoff with her crew of 24 left Tromsø, Norway in July 1872. At the end of August she got locked in pack ice north of Novaya Zemlya and drifted to hitherto unknown polar regions. While drifting, the explorers discovered an archipelago which they named Franz-Josef Land after Austro-Hungarian Emperor Franz Joseph I. Payer led several sledge expeditions to explore the new-discovered lands, on one of them reaching 81° 50ʹ north. In May 1874 boat captain Weyprecht decided to abandon the ice-locked ship and try to return by sledges and boats. On 14 August 1874 the expedition reached the open sea and later Novaya Zemlya where they were rescued by a Russian fishing vessel. On 3 September they reached Vardø in Finnmark, Northern Norway. The expedition returned to Austria by coastal steamer from Vardø and by train from Hamburg&quot;)</subfield>
  </datafield>
  <datafield tag="670" ind1=" " ind2=" ">
    <subfield code="a">Payer, Julius. Die Österreichisch-Ungarische Nordpol-Expedition in den Jahren 1872-1874, 1876</subfield>
  </datafield>
  <datafield tag="670" ind1=" " ind2=" ">
    <subfield code="a">Obermüllner, Adolf. Die Oesterreichisch-Ungarische Nordpol-Expedition 1872-1874, 1875</subfield>
    <subfield code="b">title page of booklet (Die Oesterreichisch-Ungarische Nordpol-Expedition 1872-1874) mounts of photographs (Oesterr.-Ungar. Nordpol-Expedition 1872-1874)</subfield>
  </datafield>
  <datafield tag="670" ind1=" " ind2=" ">
    <subfield code="a">Weyprecht, Karl. Die Metamorphosen des Polareises, 1879, via Archive.org, December 19, 2019:</subfield>
    <subfield code="b">title page (at head of title: Oesterr.-ungar. Arktische Expedition 1872-1874)</subfield>
  </datafield>
  <datafield tag="670" ind1=" " ind2=" ">
    <subfield code="a">German Wikipedia, December 19, 2019</subfield>
    <subfield code="b">(article &quot;Österreichisch-Ungarische Nordpolexpedition&quot;: the  Österreichisch-Ungarische Nordpolarexpedition (which Julius Payer called the Österreich-Ungarische Nordpolexpedition; popularly also called the Payer-Weyprecht-Expedition) started in 1872 under the leadership of Carl Weyprecht and Julius Payer and ended in 1874)</subfield>
  </datafield>
  <datafield tag="670" ind1=" " ind2=" ">
    <subfield code="a">German Wikipedia, December 19, 2019</subfield>
    <subfield code="b">(article &quot;Admiral Tegetthoff (Schiff)&quot;: &quot;Schiff, das zur &apos;Österreichisch-Ungarischen Nordpolexpedition,&apos; (auch &apos;Weyprecht-Payer-Polarexpedition,&apos; offiziell &apos;Polarexpedition Admiral Tegetthoff&apos; benutzt wurde&quot;)</subfield>
  </datafield>
  <datafield tag="670" ind1=" " ind2=" ">
    <subfield code="a">OCLC, December 16, 2019</subfield>
    <subfield code="b">(access points include: Tegetthoff Expedition, 1872-1874)</subfield>
  </datafield>
  <datafield tag="953" ind1=" " ind2=" ">
    <subfield code="a">ta30</subfield>
  </datafield>
</record>