
<record>
  <leader>00488cz  a2200145n  4500</leader>
  <controlfield tag="001">2773241</controlfield>
  <controlfield tag="003">DLC</controlfield>
  <controlfield tag="005">20200104073426.0</controlfield>
  <controlfield tag="008">981028n| acannaabn          |n aaa      </controlfield>
  <datafield tag="010" ind1=" " ind2=" ">
    <subfield code="a">n  98096767 </subfield>
  </datafield>
  <datafield tag="035" ind1=" " ind2=" ">
    <subfield code="a">(OCoLC)oca04848255</subfield>
  </datafield>
  <datafield tag="040" ind1=" " ind2=" ">
    <subfield code="a">DLC</subfield>
    <subfield code="b">eng</subfield>
    <subfield code="c">DLC</subfield>
    <subfield code="d">DLC</subfield>
    <subfield code="d">CU-I</subfield>
  </datafield>
  <datafield tag="100" ind1="1" ind2=" ">
    <subfield code="a">Planalp, Sally,</subfield>
    <subfield code="d">1950-</subfield>
  </datafield>
  <datafield tag="670" ind1=" " ind2=" ">
    <subfield code="a">Communicating emotion, 1999:</subfield>
    <subfield code="b">CIP t.p. (Sally Planalp) galley (Sally Kay Planalp, professor, Univ. of Montana, Dept. of Communication Studies; b. August 23, 1950)</subfield>
  </datafield>
  <datafield tag="953" ind1=" " ind2=" ">
    <subfield code="a">sh02</subfield>
  </datafield>
</record>