
<record>
  <leader>01081cz  a2200265n  4500</leader>
  <controlfield tag="001">2796391</controlfield>
  <controlfield tag="003">DLC</controlfield>
  <controlfield tag="005">20200104073342.0</controlfield>
  <controlfield tag="008">800307n| azannaabn          |a aaa      </controlfield>
  <datafield tag="010" ind1=" " ind2=" ">
    <subfield code="a">n  50003976 </subfield>
  </datafield>
  <datafield tag="016" ind1=" " ind2=" ">
    <subfield code="a">0104J8831E</subfield>
  </datafield>
  <datafield tag="035" ind1=" " ind2=" ">
    <subfield code="a">(OCoLC)oca00039568</subfield>
  </datafield>
  <datafield tag="040" ind1=" " ind2=" ">
    <subfield code="a">DLC</subfield>
    <subfield code="b">eng</subfield>
    <subfield code="e">rda</subfield>
    <subfield code="c">DLC</subfield>
    <subfield code="d">MH</subfield>
    <subfield code="d">DLC</subfield>
    <subfield code="d">OCoLC</subfield>
    <subfield code="d">DLC</subfield>
    <subfield code="d">CaBViV</subfield>
    <subfield code="d">CaOONL</subfield>
  </datafield>
  <datafield tag="046" ind1=" " ind2=" ">
    <subfield code="f">1862-08-02</subfield>
    <subfield code="g">1947-12-19</subfield>
    <subfield code="2">edtf</subfield>
  </datafield>
  <datafield tag="053" ind1=" " ind2="0">
    <subfield code="a">PR9199.3.S33</subfield>
  </datafield>
  <datafield tag="100" ind1="1" ind2=" ">
    <subfield code="a">Scott, Duncan Campbell,</subfield>
    <subfield code="d">1862-1947</subfield>
  </datafield>
  <datafield tag="370" ind1=" " ind2=" ">
    <subfield code="c">Canada</subfield>
    <subfield code="2">naf</subfield>
  </datafield>
  <datafield tag="377" ind1=" " ind2=" ">
    <subfield code="a">eng</subfield>
  </datafield>
  <datafield tag="400" ind1="1" ind2=" ">
    <subfield code="a">Scott, D. C.</subfield>
    <subfield code="q">(Duncan Campbell),</subfield>
    <subfield code="d">1862-1947</subfield>
  </datafield>
  <datafield tag="670" ind1=" " ind2=" ">
    <subfield code="a">His The makers of Canada, 1903-04.</subfield>
  </datafield>
  <datafield tag="670" ind1=" " ind2=" ">
    <subfield code="a">His The poet and the critic, c1983:</subfield>
    <subfield code="b">t.p. (D.C. Scott)</subfield>
  </datafield>
  <datafield tag="670" ind1=" " ind2=" ">
    <subfield code="a">Canadiana database, viewed 10 December 2019</subfield>
    <subfield code="b">(Authorized access point: Scott, Duncan Campbell, 1862-1947; Canadian poet, short story writer, civil servant; born in Ottawa on August 2, 1862; died Ottawa December 19, 1947; employee of the federal Department of Indian Affairs (1879))</subfield>
  </datafield>
  <datafield tag="700" ind1="1" ind2="6">
    <subfield code="a">Scott, Duncan Campbell,</subfield>
    <subfield code="d">1862-1947</subfield>
    <subfield code="0">(CaOONL)ncf10127815</subfield>
  </datafield>
  <datafield tag="952" ind1=" " ind2=" ">
    <subfield code="a">RETRO</subfield>
  </datafield>
  <datafield tag="953" ind1=" " ind2=" ">
    <subfield code="a">zz00</subfield>
    <subfield code="b">lj02</subfield>
  </datafield>
</record>