
<record>
  <leader>02565cz  a2200433n  4500</leader>
  <controlfield tag="001">2797384</controlfield>
  <controlfield tag="003">DLC</controlfield>
  <controlfield tag="005">20200104073345.0</controlfield>
  <controlfield tag="008">800411n| azannaabn          |b aaa      </controlfield>
  <datafield tag="010" ind1=" " ind2=" ">
    <subfield code="a">n  50014166 </subfield>
  </datafield>
  <datafield tag="035" ind1=" " ind2=" ">
    <subfield code="a">(OCoLC)oca00049643</subfield>
  </datafield>
  <datafield tag="040" ind1=" " ind2=" ">
    <subfield code="a">DLC</subfield>
    <subfield code="b">eng</subfield>
    <subfield code="e">rda</subfield>
    <subfield code="c">DLC</subfield>
    <subfield code="d">DLC</subfield>
    <subfield code="d">OCoLC</subfield>
    <subfield code="d">DLC</subfield>
    <subfield code="d">IEN</subfield>
    <subfield code="d">NNC</subfield>
    <subfield code="d">MH</subfield>
  </datafield>
  <datafield tag="046" ind1=" " ind2=" ">
    <subfield code="f">19100111</subfield>
    <subfield code="v">Chinese Americans online, Sept. 30, 2002</subfield>
  </datafield>
  <datafield tag="046" ind1=" " ind2=" ">
    <subfield code="f">1909</subfield>
    <subfield code="v">Biog. &amp; geneal. master index online, Sept. 30, 2002</subfield>
    <subfield code="v">ICU-FE rept., Apr. 10, 2015</subfield>
  </datafield>
  <datafield tag="046" ind1=" " ind2=" ">
    <subfield code="f">19091201</subfield>
    <subfield code="v">Contemp. authors online, Sept. 30, 2002</subfield>
  </datafield>
  <datafield tag="046" ind1=" " ind2=" ">
    <subfield code="g">20150409</subfield>
  </datafield>
  <datafield tag="100" ind1="1" ind2=" ">
    <subfield code="a">Tsien, Tsuen-hsuin,</subfield>
    <subfield code="d">1910-2015</subfield>
  </datafield>
  <datafield tag="370" ind1=" " ind2=" ">
    <subfield code="a">Taizhou (Jiangsu Sheng, China)</subfield>
    <subfield code="2">naf</subfield>
  </datafield>
  <datafield tag="373" ind1=" " ind2=" ">
    <subfield code="a">University of Chicago. Graduate Library School</subfield>
    <subfield code="a">University of Chicago. Far Eastern Library</subfield>
    <subfield code="2">naf</subfield>
  </datafield>
  <datafield tag="373" ind1=" " ind2=" ">
    <subfield code="a">University of Chicago. Department of East Asian Languages and Civilizations</subfield>
  </datafield>
  <datafield tag="400" ind1="1" ind2=" ">
    <subfield code="a">Chʻien, Tsʻun-hsün,</subfield>
    <subfield code="d">1910-2015</subfield>
  </datafield>
  <datafield tag="400" ind1="1" ind2=" ">
    <subfield code="a">Tsien, Tswen-hsuin,</subfield>
    <subfield code="d">1910-2015</subfield>
  </datafield>
  <datafield tag="400" ind1="1" ind2=" ">
    <subfield code="a">Qian, Cunxun,</subfield>
    <subfield code="d">1910-2015</subfield>
  </datafield>
  <datafield tag="400" ind1="1" ind2=" ">
    <subfield code="a">Tsien, T. H.,</subfield>
    <subfield code="d">1910-2015</subfield>
  </datafield>
  <datafield tag="400" ind1="1" ind2=" ">
    <subfield code="w">nne</subfield>
    <subfield code="a">Tsien, Tsuen-hsuin,</subfield>
    <subfield code="d">1910-</subfield>
  </datafield>
  <datafield tag="400" ind1="1" ind2=" ">
    <subfield code="a">錢存訓,</subfield>
    <subfield code="d">1910-2015</subfield>
  </datafield>
  <datafield tag="400" ind1="1" ind2=" ">
    <subfield code="a">钱存训,</subfield>
    <subfield code="d">1910-2015</subfield>
  </datafield>
  <datafield tag="667" ind1=" " ind2=" ">
    <subfield code="a">Machine-derived non-Latin script reference project.</subfield>
  </datafield>
  <datafield tag="667" ind1=" " ind2=" ">
    <subfield code="a">Non-Latin script references not evaluated.</subfield>
  </datafield>
  <datafield tag="667" ind1=" " ind2=" ">
    <subfield code="a">Non-Latin script references reviewed in NACO CJK Funnel References Project.</subfield>
  </datafield>
  <datafield tag="670" ind1=" " ind2=" ">
    <subfield code="a">Chiao-tung university, Shanghai. Library. Library catalog ... 1934</subfield>
  </datafield>
  <datafield tag="670" ind1=" " ind2=" ">
    <subfield code="a">Chinese Americans online, Sept. 30, 2002</subfield>
    <subfield code="b">(Dr. Tsuen-hsuin Tsien was born on Jan. 11, 1910, in Taizhou, Jiangsu province, China; Ph. D., Univ. of Chicago, 1957; prof. emeritus, Dept. of East Asian Languages and Civilizations and the Graduate Library School and curator emeritus, East Asian Library, Univ. of Chicago)</subfield>
  </datafield>
  <datafield tag="670" ind1=" " ind2=" ">
    <subfield code="a">Biog. &amp; geneal. master index online, Sept. 30, 2002</subfield>
    <subfield code="b">(Tsien, Tsuen-hsuin, 1909- )</subfield>
  </datafield>
  <datafield tag="670" ind1=" " ind2=" ">
    <subfield code="a">Contemp. authors online, Sept. 30, 2002</subfield>
    <subfield code="b">(Tsuen-hsuin Tsien; b. Dec. 1, 1909, Kiangsu [Jiangsu], China; naturalized U.S. citizen)</subfield>
  </datafield>
  <datafield tag="670" ind1=" " ind2=" ">
    <subfield code="a">Email from chiamonline.org, Sept. 30, 2002</subfield>
    <subfield code="b">(Dr. Tsien&apos;s biography on chiamonline.org web was supplied by him)</subfield>
  </datafield>
  <datafield tag="670" ind1=" " ind2=" ">
    <subfield code="a">ICU-FE rept., Apr. 10, 2015</subfield>
    <subfield code="b">(Dr. Tsuen-hsuin (T.H.) Tsien [in rom.]; 錢存訓 = Qian Cunxun; b. 1909; d. Apr. 9, 2015 at age 105; first Curator of the East Asian Collection (then Far Eastern Library))</subfield>
  </datafield>
  <datafield tag="670" ind1=" " ind2=" ">
    <subfield code="a">LC database, December 23, 2019</subfield>
    <subfield code="b">(access point: 錢存訓, 1910-2015 = Tsien, Tsuen-hsuin, 1910-2015; usage: 錢存訓 = Qian Cunxun)</subfield>
  </datafield>
  <datafield tag="952" ind1=" " ind2=" ">
    <subfield code="a">RETRO</subfield>
  </datafield>
  <datafield tag="953" ind1=" " ind2=" ">
    <subfield code="a">xx00</subfield>
    <subfield code="b">ta30</subfield>
  </datafield>
</record>