
<record>
  <leader>01465cz  a2200313n  4500</leader>
  <controlfield tag="001">2836881</controlfield>
  <controlfield tag="003">DLC</controlfield>
  <controlfield tag="005">20200104073637.0</controlfield>
  <controlfield tag="008">800617n| azannaab|          |a aaa      </controlfield>
  <datafield tag="010" ind1=" " ind2=" ">
    <subfield code="a">n  80072916 </subfield>
  </datafield>
  <datafield tag="016" ind1=" " ind2=" ">
    <subfield code="a">0100D9636E</subfield>
  </datafield>
  <datafield tag="035" ind1=" " ind2=" ">
    <subfield code="a">(OCoLC)oca00454366</subfield>
  </datafield>
  <datafield tag="040" ind1=" " ind2=" ">
    <subfield code="a">DLC</subfield>
    <subfield code="b">eng</subfield>
    <subfield code="e">rda</subfield>
    <subfield code="c">DLC</subfield>
    <subfield code="d">CaOONL</subfield>
  </datafield>
  <datafield tag="042" ind1=" " ind2=" ">
    <subfield code="a">nlc</subfield>
  </datafield>
  <datafield tag="046" ind1=" " ind2=" ">
    <subfield code="f">1944</subfield>
    <subfield code="2">edtf</subfield>
  </datafield>
  <datafield tag="100" ind1="1" ind2=" ">
    <subfield code="a">Grace, Sherrill,</subfield>
    <subfield code="d">1944-</subfield>
  </datafield>
  <datafield tag="370" ind1=" " ind2=" ">
    <subfield code="c">Canada</subfield>
    <subfield code="2">naf</subfield>
  </datafield>
  <datafield tag="377" ind1=" " ind2=" ">
    <subfield code="a">eng</subfield>
  </datafield>
  <datafield tag="378" ind1=" " ind2=" ">
    <subfield code="q">Sherrill Elizabeth</subfield>
  </datafield>
  <datafield tag="400" ind1="1" ind2=" ">
    <subfield code="a">Grace, Sherrill E.,</subfield>
    <subfield code="d">1944-</subfield>
  </datafield>
  <datafield tag="400" ind1="1" ind2=" ">
    <subfield code="a">Grace, Sherrill Elizabeth,</subfield>
    <subfield code="d">1944-</subfield>
  </datafield>
  <datafield tag="670" ind1=" " ind2=" ">
    <subfield code="a">Her Violent duality, 1980:</subfield>
    <subfield code="b">t.p. (Sherrill Grace) p. 155 (teaches modern &amp; Can. lit., U. of Brit. Col.)</subfield>
  </datafield>
  <datafield tag="670" ind1=" " ind2=" ">
    <subfield code="a">C 80-90029-4</subfield>
    <subfield code="b">(Grace, Sherrill, 1944-  )</subfield>
  </datafield>
  <datafield tag="670" ind1=" " ind2=" ">
    <subfield code="a">Margaret Atwood, language, text, and sys., c1983:</subfield>
    <subfield code="b">t.p. (Sherrill E. Grace) jkt. (Sherrill Grace)</subfield>
  </datafield>
  <datafield tag="670" ind1=" " ind2=" ">
    <subfield code="a">Her The voyage that never ends, c1982:</subfield>
    <subfield code="b">t.p. (Sherrill E. Grace) Can CIP (Grace, Sherrill E., 1944-)</subfield>
  </datafield>
  <datafield tag="670" ind1=" " ind2=" ">
    <subfield code="a">Tiff, 2020:</subfield>
    <subfield code="b">CIP title page (Sherrill Grace)</subfield>
  </datafield>
  <datafield tag="670" ind1=" " ind2=" ">
    <subfield code="a">Canadiana, January 2, 2020</subfield>
    <subfield code="b">(heading: Grace, Sherrill E., 1944-; variants: Grace, Sherrill, 1944-; Grace, Sherrill Elizabeth, 1944-; born 1944; Sherill Elizabeth Grace; Canadian)</subfield>
  </datafield>
  <datafield tag="670" ind1=" " ind2=" ">
    <subfield code="a">OCLC, January 2, 2020</subfield>
    <subfield code="b">(access points: Grace, Sherrill; Grace, Sherrill, 1944-; Grace, Sherrill E.; Grace, Sherrill E. (Sherrill Elizabeth), 1944-; Grace, Sherrill E., 1944-; usage: Sherrill Grace; Sherrill E. Grace)</subfield>
  </datafield>
  <datafield tag="953" ind1=" " ind2=" ">
    <subfield code="a">ea14</subfield>
    <subfield code="b">ea36</subfield>
  </datafield>
</record>